2926 4232
458 292 667 341 FRAGMENTS
690 293 736 342 01⁴*
758 292 884 342 ROMAN
908 293 1033 340 SATIRE

323 451 427 513 ‘eheu
443 470 504 512 nos
521 449 669 525 miseros,
686 470 787 532 quam
802 459 892 513 totus
909 450 1086 514 homuncio
1102 451 1148 514 nil
1164 461 1224 515 est.

323 554 369 617 sic
385 553 507 616 erimus
523 553 643 627 cuncti,
662 562 839 635 postquam
855 573 917 616 nos
933 554 1064 617 auferet
1080 554 1198 620 Orcus.

365 678 446 739 ergo
462 657 623 731 uiuamus,
640 656 720 719 dum
737 657 813 720 licet
829 676 903 720 esse
919 657 1026 721 bene.’

290 814 343 875 35.
370 795 594 858 laudationem
619 775 784 857 ferculum
809 805 861 858 est
886 795 1072 859 insecutum
1100 797 1200 878 plane
1227 818 1298 860 non

208 931 222 978 5
247 922 306 982 pro
330 899 559 982 expectatione
576 918 754 980 magnum;
779 897 910 962 nouitas
926 909 1038 963 tamen
1055 901 1202 963 omnium
1221 922 1299 965 con-

247 1004 345 1067 uertit
369 1003 491 1066 oculos.
539 1002 716 1065 rotundum
744 1002 833 1065 enim
861 1003 1090 1085 repositorium
1120 1004 1297 1075 duodecim

247 1108 391 1170 habebat
418 1107 515 1188 signa
537 1106 571 1168 in
595 1106 674 1169 orbe
702 1106 871 1188 disposita,
897 1127 998 1188 super
1015 1128 1100 1189 quae
1124 1101 1298 1190 proprium

247 1210 567 1292 conuenientemque
591 1209 749 1273 materiae
773 1220 917 1274 structor
939 1211 1144 1292 imposuerat
1167 1212 1296 1276 cibum:

247 1335 347 1396 super
373 1314 510 1377 arietem
537 1313 624 1376 cicer
651 1313 835 1389 arietinum,
864 1334 966 1396 super
992 1325 1124 1378 taurum
1149 1315 1296 1380 bubulae

195 1448 223 1480 10
247 1419 399 1494 frustum,
417 1437 518 1499 super
533 1417 684 1498 geminos
706 1417 877 1481 testiculos
900 1438 939 1480 ac
963 1418 1081 1495 rienes,
1099 1439 1201 1502 super
1221 1441 1297 1484 can-

246 1543 338 1585 crum
366 1542 532 1597 coronam,
558 1541 659 1603 super
682 1521 812 1584 leonem
838 1522 937 1585 ficum
962 1522 1169 1600 Africanam,
1195 1544 1298 1606 super

246 1626 410 1706 uirginem
436 1625 657 1701 steriliculam,
684 1645 785 1707 super
808 1625 927 1688 libram
955 1636 1114 1689 stateram
1142 1627 1175 1690 in
1201 1629 1296 1692 cuius

246 1731 349 1793 altera
379 1739 473 1812 parte
505 1728 651 1792 scriblita
681 1739 762 1805 erat,
794 1729 828 1792 in
859 1730 963 1792 altera
998 1731 1161 1812 placenta,
1194 1753 1297 1814 super

246 1833 455 1922 scorpionem
497 1833 692 1915 pisciculum
735 1833 908 1910 marinum,
948 1854 1049 1916 super
1086 1835 1295 1916 sagittarium

196 1939 442 2019 15oclopetam,
470 1957 571 2019 super
597 1937 828 2019 capricornum
857 1938 1019 2000 locustam
1047 1939 1218 2014 marinam,
1245 1961 1296 2002 su-

246 2063 306 2124 per
330 2041 501 2124 aquarium
528 2061 688 2115 anserem,
714 2061 815 2122 super
838 2041 947 2124 pisces
973 2042 1057 2105 duos
1078 2043 1209 2124 mullos.
1261 2045 1294 2106 in

246 2145 354 2208 medio
374 2154 484 2208 autem
501 2165 639 2226 caespes
656 2165 732 2208 curn
749 2145 860 2208 herbis
877 2145 1006 2209 excisus
1022 2147 1138 2208 fauum
1155 2148 1296 2210 sustine-

244 2249 310 2312 bat.
358 2248 613 2312 circumferebat
639 2249 831 2334 Aegyptius
860 2270 943 2331 puer
974 2250 1105 2313 clibano
1133 2263 1295 2333 argenteo

246 2373 368 2436 panem

193 2557 223 2590 ω
246 2537 345 2609 atque
361 2527 433 2609 ipse
449 2526 548 2590 etiam
564 2526 755 2590 taeterrima
770 2547 853 2591 uoce
869 2528 910 2591 de
929 2529 1171 2611 Laserpiciario
1193 2530 1295 2594 mimo

245 2631 410 2695 canticum
423 2631 566 2694 extorsit.
608 2651 669 2694 nos
685 2641 721 2693 ut
737 2631 896 2694 tristiores
914 2633 956 2694 ad
972 2642 1040 2695 tam
1057 2633 1140 2696 uiles
1157 2635 1295 2697 accessi-

245 2756 318 2798 mus
342 2735 442 2809 cibos,
470 2736 630 2798 ‘suadeo’
655 2735 762 2817 inquit
786 2735 987 2799 Trimalchio
1006 2743 1201 2814 ‘cenemus;
1231 2739 1294 2802 hoc

245 2850 296 2902 est
312 2839 362 2902 ius
379 2837 501 2903 cenae.’
564 2842 617 2915 36.
643 2840 725 2902 haec
742 2849 779 2902 ut
795 2839 884 2915 dixit,
898 2841 940 2902 ad
955 2841 1190 2924 symphoniam
1203 2853 1296 2924 quat-

245 2954 319 3007 tuor
330 2943 550 3025 tripudiantes
563 2953 797 3024 procurrerunt
814 2944 1084 3027 superioremque
1101 2956 1231 3027 partem
1248 2967 1296 3008 re-

194 3078 220 3124 25
246 3047 394 3129 positorii
417 3047 631 3110 abstulerunt.
679 3068 744 3130 quo
768 3048 858 3111 iacto
874 3049 1026 3111 uidemus
1042 3049 1130 3112 inira
1150 3046 1296 3133 [scilicet

245 3152 277 3215 in
297 3153 401 3215 altero
425 3149 569 3235 ferculo]
589 3151 691 3213 altilia
707 3161 740 3214 et
757 3152 886 3214 sumina
902 3154 1117 3236 leporemque
1134 3153 1167 3215 in
1185 3155 1295 3217 medio

245 3256 356 3338 pinnis
387 3256 613 3330 subornatum,
641 3265 678 3318 ut
706 3257 854 3337 Pegasus
881 3257 1055 3320 uideretur.
1104 3258 1295 3321 notauimus

245 3360 345 3423 etiam
376 3359 464 3423 circa
494 3361 635 3441 angulos
663 3361 849 3442 repositorii
878 3363 1033 3446 Marsyas
1061 3372 1225 3444 quattuor,
1255 3383 1295 3425 ex

245 3485 385 3547 quorum
401 3464 549 3527 utriculis
566 3485 681 3546 garum
696 3465 882 3546 piperatum
896 3466 1048 3528 currebat
1061 3487 1161 3548 super
1174 3466 1293 3548 pisces

192 3601 222 3644 30
245 3568 302 3650 qui
325 3578 483 3649 tanquam
507 3568 540 3629 in
565 3568 680 3649 euripo
704 3568 874 3631 natabant.
922 3570 1040 3633 damus
1063 3591 1179 3633 omnes
1205 3571 1296 3652 plau·

246 3692 318 3735 sum
350 3691 369 3732 a
399 3671 525 3732 familia
555 3670 724 3753 inceptum
755 3682 789 3735 et
819 3692 871 3735 res
898 3672 1114 3736 electissimas
1147 3674 1295 3738 ridentes
