2926 4232
533 313 728 364 Parnomvs
751 313 905 362 nummu
1227 317 1270 384 93

220 491 281 535 suo
299 470 460 546 irascitur,
477 470 590 534 nescio
609 470 662 533 cui
685 480 792 533 terrae
816 469 881 532 filio
905 469 1140 552 patrimonium
1163 469 1271 554 elega-

219 575 276 640 uit.
322 575 423 656 longe
454 575 550 656 fugit,
578 573 728 658 quisquis
759 594 836 637 suos
867 574 963 654 fugit.
1011 574 1135 642 habuit,
1158 584 1269 638 autem

220 679 420 742 oracularios
447 698 571 753 seruos,
600 677 656 760 qui
683 677 774 740 illum
803 697 937 759 pessum
965 677 1137 741 dederunt.
1190 699 1271 742 nun·

220 803 320 868 quam
344 792 454 849 autem
479 792 569 848 recte
593 781 703 857 faciet,
727 781 783 863 qui
807 781 872 846 cito
895 782 1008 855 credit,
1034 781 1147 864 utique
1171 783 1271 848 homo

182 915 197 964 5
220 886 405 970 negotians.
452 896 566 950 tamen
589 905 705 948 uerum
729 885 818 968 quod
842 885 986 948 frunitus
1010 896 1070 961 est,
1090 906 1190 970 quam
1214 887 1270 950 diu

221 990 301 1057 uixit
476 989 529 1054 cui
545 989 659 1052 datum
675 998 735 1065 est,
753 1008 820 1052 non
837 989 890 1052 cui
913 988 1122 1052 destinatum.
1172 990 1271 1072 plane

223 1095 391 1162 Fortunae
415 1093 510 1170 lilius,
528 1093 562 1158 in
587 1113 688 1158 manu
711 1092 798 1158 illius
823 1093 995 1174 plumbum
1019 1113 1136 1156 aurum
1160 1093 1269 1158 fiebat.

221 1198 319 1264 facile
337 1207 389 1266 est
407 1208 529 1274 autem,
546 1197 603 1265 ubi
624 1196 736 1262 omnia
758 1197 921 1280 quadrata
943 1207 1088 1260 currunt.
1135 1207 1169 1260 et
1191 1208 1272 1282 quot

221 1311 320 1384 putas
335 1301 426 1364 illum
443 1321 549 1366 annos
566 1321 679 1366 secum
694 1300 832 1364 tulisse?
878 1300 1092 1382 septuaginta
1107 1311 1139 1364 et
1159 1323 1269 1384 supra.

163 1437 199 1490 ,ιο
222 1406 281 1469 sed
297 1406 471 1470 corneolus
486 1405 560 1481 luit,
579 1415 722 1470 aetatem
738 1405 824 1468 bene
841 1405 980 1480 ferebat,
998 1404 1093 1486 niger
1111 1416 1271 1488 tanquam

221 1529 350 1574 coruus.
390 1529 548 1574 noueram
562 1508 748 1572 hominem:
767 1509 844 1572 olim
861 1508 999 1571 oliorum
1012 1519 1046 1571 et
1058 1509 1167 1572 adhuc
1180 1511 1272 1572 salax

221 1624 301 1680 erat.
347 1634 415 1678 non
438 1613 646 1678 mehercules
668 1612 760 1676 illum
777 1623 858 1695 puto
882 1612 915 1674 in
938 1613 1038 1675 domo
1061 1633 1177 1676 canem
1202 1614 1273 1676 reli·

222 1717 342 1801 quisse.
398 1717 499 1780 immo
529 1716 629 1780 etiam
661 1716 821 1799 pullarius
850 1726 930 1792 erat,
962 1716 1071 1780 omnis
1102 1717 1272 1780 mineruae

223 1822 331 1886 homo,
378 1841 440 1885 nec
456 1821 626 1903 improbo;
651 1821 714 1884 hoc
731 1820 838 1883 solum
855 1820 943 1884 enim
959 1840 1073 1884 secum
1088 1821 1183 1884 tulit’

171 1953 199 2000 ις
265 1945 320 2003 44.
346 1925 430 1990 haec
462 1925 611 2004 Phileros
642 1923 731 2000 dixit,
762 1923 818 1987 illa
849 1925 1081 2008 Ganymedes:
1114 1925 1273 1988 ‘narratis

223 2029 312 2112 quod
331 2049 393 2092 nec
412 2029 454 2092 ad
473 2029 602 2092 caelum
625 2048 688 2091 nec
711 2027 755 2090 ad
776 2037 899 2091 terram
923 2027 1076 2109 pertinet,
1093 2049 1169 2092 cum
1192 2029 1273 2092 inte-

222 2133 284 2196 rim
301 2153 399 2196 nemo
415 2142 518 2208 curat,
536 2132 615 2215 quid
636 2152 771 2195 annona
790 2133 927 2196 mordet.
975 2152 1041 2195 non
1065 2133 1273 2196 mehercules

223 2237 322 2301 hodie
336 2237 476 2300 buccam
498 2236 595 2322 panis
613 2237 763 2300 inuenire
787 2237 889 2319 potui.
937 2246 970 2300 et
993 2237 1160 2319 quomodo
1184 2237 1273 2300 sicci-

222 2350 274 2404 tas
291 2351 492 2424 perseuerat.
539 2341 605 2404 iam
621 2362 747 2404 annum
764 2341 899 2404 esuritio
918 2341 991 2404 fuit.
1039 2341 1163 2404 aediles
1186 2342 1272 2410 male

169 2474 200 2507 ω
222 2445 364 2521 eueniat,
389 2444 544 2528 quicum
568 2445 747 2527 pistoribus
770 2445 943 2508 colludunt
967 2450 1094 2508 “serua
1120 2465 1183 2520 me,
1209 2465 1273 2508 ser·

222 2549 310 2615 uabo
340 2549 404 2612 te.”
450 2548 562 2632 itaque
590 2549 735 2633 populus
762 2549 909 2612 minutus
936 2548 1081 2625 laborat;
1113 2569 1191 2612 nam
1219 2549 1273 2612 isti

222 2652 365 2718 maiores
381 2653 534 2716 maxillae
555 2673 688 2735 semper
707 2652 897 2718 Saturnalia
920 2663 1033 2734 agunt.
1080 2673 1100 2715 o
1124 2652 1151 2716 si
1174 2652 1273 2720 habe-

222 2776 333 2820 remus
348 2757 421 2820 illos
437 2757 559 2834 leones,
577 2777 661 2840 quos
676 2777 741 2839 ego
758 2756 811 2820 hic
831 2755 954 2832 inueni,
972 2777 1046 2820 cum
1067 2755 1209 2838 primum
1233 2776 1273 2822 ex

222 2860 307 2926 Asia
329 2860 415 2924 ueni.
462 2860 543 2924 illud
567 2870 637 2924 erat
660 2860 782 2924 uiuere.
830 2860 947 2924 similia
970 2860 1073 2924 sicilia
1100 2860 1273 2926 interiores

169 2991 198 3040 ως
222 2973 256 3030 et
278 2964 388 3030 laruas
411 2964 458 3028 sic
481 2964 563 3028 istos
587 2964 857 3046 percolopabant,
875 2973 911 3026 ut
934 2963 997 3026 illis
1022 2963 1150 3046 Iupiter
1169 2963 1272 3028 iratus

221 3078 318 3135 esset.
362 3065 457 3154 [sed]
474 3068 609 3134 memini
623 3069 802 3134 Safinium:
823 3078 903 3131 tunc
916 3067 1087 3132 habitabat
1099 3068 1140 3131 ad
1158 3088 1271 3133 arcum

221 3181 378 3248 ueterem,
392 3193 446 3236 me
460 3193 572 3256 puer0,
587 3173 691 3255 piper,
705 3193 772 3236 non
786 3173 893 3236 homo.
934 3171 961 3234 is
978 3191 1176 3256 quacunque
1193 3171 1271 3247 ibat,

221 3285 344 3342 terram
360 3276 530 3342 adurebat.
578 3278 636 3344 sed
655 3287 774 3352 rectuS,
793 3277 852 3339 sed
868 3286 987 3349 certus,
1006 3275 1132 3340 amicus
1155 3275 1269 3348 amico,

221 3400 296 3444 cum
318 3401 384 3463 quo
403 3381 562 3446 audacter
581 3401 697 3464 posses
720 3380 753 3442 in
777 3380 924 3443 tenebris
947 3379 1077 3442 micare.
1125 3379 1158 3442 in
1181 3378 1272 3442 curia

167 3512 198 3560 30
220 3494 333 3550 autem
356 3485 523 3566 quomodo
547 3484 696 3566 singulos
719 3480 808 3569 [uel]
833 3483 958 3566 pilabat
979 3480 1192 3568 [tractabat],
1210 3502 1272 3548 nec

221 3588 375 3654 schemas
398 3588 595 3672 loquebatur
618 3588 677 3652 sed
703 3589 882 3652 derectum.
930 3607 1006 3650 cum
1034 3597 1149 3668 ageret
1174 3606 1272 3668 porro

220 3691 254 3760 in
281 3692 365 3769 foro,
394 3691 441 3758 sic
466 3691 553 3756 illius
578 3712 643 3756 uox
669 3691 842 3756 crescebat
871 3700 1031 3773 tanquam
1062 3690 1151 3753 tuba.
1209 3709 1272 3754 nec
