2934 4236
523 919 604 983 VII.
643 919 881 984 APVLEIVS

369 1106 709 1160 nctuoumosuon
731 1108 798 1159 tus.
820 1109 866 1159 1v.
887 1109 985 1160 stt-vt.
1004 1103 1039 1158 B!

151 1277 185 1329 Ia
198 1280 239 1331 tte
254 1279 492 1348 Metamorphoses
505 1279 539 1348 of
546 1277 569 1330 A
573 1279 687 1347 paleius,
702 1279 784 1331 wlticlt
798 1280 887 1348 betroy
899 1298 934 1330 aa
947 1280 1062 1332 intimate
1075 1280 1179 1348 linrlip
1195 1281 1254 1332 witlt

204 1368 244 1418 tle
258 1369 356 1416 Λούκιος
370 1363 467 1425 ἣὊνος
480 1366 515 1434 of
526 1365 642 1429 Lacian,
656 1383 672 1418 a
688 1367 789 1418 certain
805 1365 906 1418 Lucius
923 1367 958 1436 os
972 1367 1072 1419 Patrae
1090 1376 1209 1420 narratas
1226 1368 1255 1418 in

206 1471 284 1521 prose
294 1453 334 1504 lis
344 1453 492 1522 wonderful
502 1454 665 1517 adventures,
676 1453 816 1521 especially
825 1454 901 1506 while
914 1454 1034 1523 clanyed
1046 1454 1078 1522 by
1088 1471 1122 1506 an
1137 1454 1255 1525 accident

204 1541 238 1608 (ff
249 1541 431 1592 enclantment
444 1539 497 1593 into
509 1541 549 1592 tlte
558 1540 635 1610 sarm
648 1541 683 1609 os
694 1557 730 1592 an
743 1557 793 1592 ass.
835 1539 913 1608 Upon
926 1541 965 1592 tlte
978 1543 1048 1592 main
1062 1541 1154 1594 tltreatl
1168 1541 1203 1609 os
1215 1542 1255 1593 tlte

205 1627 339 1679 narrative
351 1644 397 1679 are
410 1636 503 1696 strunp
514 1644 532 1679 a
547 1628 655 1680 number
666 1627 701 1696 os
711 1627 887 1695 independent
903 1629 1040 1680 anecrlotes
1057 1629 1112 1680 aad
1129 1629 1201 1692 tales,
1215 1629 1255 1680 tte

204 1724 268 1766 most
278 1715 407 1767 elaborate
419 1715 454 1783 os
460 1714 542 1767 whiclt
553 1714 576 1766 is
585 1714 635 1766 tlis
647 1715 785 1782 clanniny
797 1731 918 1766 romanoe
930 1715 965 1783 of
974 1715 1065 1786 Cupid
1077 1717 1132 1768 aad
1145 1715 1254 1784 Psyche.

205 1802 260 1852 t'te
272 1810 342 1869 story
353 1801 376 1854 is
388 1802 515 1854 doubtless
530 1801 757 1870 IndoEaropeaa
772 1801 799 1852 in
814 1801 910 1870 origin,
923 1802 966 1854 ltut
983 1802 1071 1854 moles
1089 1802 1120 1854 its
1131 1803 1194 1870 first
1211 1820 1255 1872 up

207 1903 340 1956 pearance
353 1888 381 1939 in
394 1889 527 1940 literature
540 1889 600 1940 llere
614 1887 642 1940 in
655 1889 703 1940 tlis
719 1889 808 1956 tiqtty
817 1889 937 1956 fiaisletl
949 1889 1030 1957 forro,
1044 1889 1072 1940 in
1089 1889 1169 1942 waiet
1188 1889 1207 1940 it
1223 1889 1254 1953 is,

204 1976 353 2044 sinpularly
371 1976 481 2044 enough,
498 1983 548 2043 put
565 1975 619 2028 into
637 1977 678 2027 tle
696 1977 782 2028 ruoutlt
802 1976 836 2043 of
851 1993 867 2027 a
887 1976 955 2044 tipsy
973 1977 1028 2028 aad
1048 1975 1193 2045 liulf-crazy
1211 1977 1255 2029 old

204 2064 265 2131 lap,
279 2064 334 2115 tolo
347 2063 402 2114 tells
415 2063 435 2114 it
447 2071 472 2115 to
484 2061 594 2114 diverte
607 2061 707 2130 captive
720 2063 792 2114 rnaid
805 2062 833 2114 in
846 2079 862 2114 a
875 2063 984 2116 rollers'
997 2080 1067 2114 eaee.

249 2205 303 2268 28.
329 2211 423 2265 erant
444 2201 478 2264 in
501 2202 644 2284 quadam
666 2202 799 2265 ciuitate
823 2222 879 2265 rex
902 2214 936 2266 et
958 2203 1083 2284 regina.
1132 2203 1166 2266 hi
1186 2213 1254 2266 tres

204 2327 343 2369 numero
369 2305 452 2368 filias
478 2306 587 2368 forma
609 2305 807 2387 conspicuas
833 2306 997 2382 habuere;
1030 2307 1087 2368 sed
1113 2307 1254 2370 maiores

203 2411 337 2493 quidem
362 2420 452 2484 natu,
473 2409 626 2492 quamuis
647 2409 836 2490 gratissima
858 2410 978 2491 specie,
998 2410 1117 2474 idonee
1140 2420 1253 2473 tamen

203 2513 363 2577 celebrari
386 2533 485 2594 posse
509 2513 662 2575 laudibus
686 2513 839 2576 humanis
862 2514 1100 2591 credebantur3
1126 2524 1254 2578 atvero

163 2647 194 2693 5,
203 2619 334 2698 puellae
369 2616 505 2679 iunioris
543 2625 611 2678 tam
650 2617 838 2699 praecipua,
870 2627 938 2680 tam
977 2619 1148 2700 praeclara
1186 2619 1254 2700 pul-

203 2721 355 2784 chritudo
387 2741 448 2782 nec
480 2719 627 2801 exprimi,
653 2741 691 2783 ac
723 2741 765 2784 ne
796 2721 997 2785 sufficienter
1027 2722 1160 2804 quidem
1188 2723 1254 2785 lau-

202 2825 272 2887 dari
297 2823 459 2887 sermonis
482 2824 619 2886 humani
642 2825 782 2906 penuria
805 2836 945 2907 poterat.
992 2826 1087 2888 multi
1110 2826 1254 2909 denique

202 2928 324 2991 ciuium
341 2938 374 2990 et
390 2929 540 2990 aduenae
557 2927 692 3009 copiosi,
711 2949 794 3011 quos
813 2929 923 2991 eximii
941 2929 1123 3010 spectaculi
1142 2951 1254 2992 rumor

202 3032 351 3094 studiosa
383 3031 575 3094 celebritate
603 3033 839 3112 congregabat,
864 3033 1055 3096 inaccessae
1082 3034 1254 3096 formonsi-

149 3167 177 3198 ιο
201 3137 278 3198 tatis
310 3135 527 3198 admiratione
560 3136 693 3216 stupidi,
726 3146 759 3200 et
790 3136 1010 3200 admouentes
1041 3137 1152 3200 oribus
1186 3138 1254 3200 suis

201 3240 380 3314 dexteram,
400 3239 543 3320 primore
563 3239 667 3319 digito
687 3239 719 3300 in
740 3250 886 3302 erectum
905 3240 1058 3321 pollicem
1076 3241 1252 3316 residente,

202 3353 238 3405 ut
262 3343 369 3424 ipsam
395 3363 531 3424 prorsus
556 3343 653 3405 deam
678 3344 844 3406 Venerem
870 3344 1030 3424 religiosis
1059 3345 1254 3408 adorationi-

201 3447 263 3510 bus
280 3495 414 3509 ......
458 3446 590 3528 iamque
604 3446 769 3528 proximas
784 3447 934 3509 ciuitates
948 3458 981 3510 et
994 3448 1138 3528 attiguas
1151 3448 1254 3529 regio-

202 3571 262 3614 nes
281 3551 374 3613 iama
396 3559 598 3631 peruaserat,
617 3550 714 3633 deam
736 3571 835 3632 quam
857 3551 1025 3614 caerulum
1048 3552 1253 3632 profundum

149 3653 313 3737 15peligi
340 3653 471 3737 peperit
498 3663 532 3716 et
558 3674 612 3716 ros
641 3653 867 3735 spumantium
898 3654 1057 3717 fluctuum
1089 3654 1252 3730 educauit,

679 3768 724 3818 ¹39
