2934 4236
545 297 739 346 PETRONIVS
763 297 917 346 ARBITER
1225 303 1284 368 107

229 462 393 516 textatum
424 473 501 516 cum
531 452 640 515 anulis
672 453 780 516 aureis
811 453 958 536 quinque
990 463 1023 517 et
1058 473 1211 517 nummos
1249 454 1282 517 in

230 556 365 638 publico
389 557 431 620 de
455 557 588 620 sacculo
612 556 862 632 effundentem
889 557 954 620 scis
977 557 1074 633 enim,
1095 559 1184 639 quod
1205 579 1284 640 epu-

230 661 298 723 lum
325 661 402 723 dedi
431 660 527 723 binos
552 660 715 723 denarios.
763 660 914 736 iaciatur,
941 661 969 722 si
996 660 1055 724 tibi
1083 661 1221 738 uidetur,
1250 675 1283 726 et

230 765 382 828 triclinia.
430 765 535 827 iacias
559 775 592 827 et
614 774 721 827 totum
741 765 902 846 populum
920 764 982 826 sibi
998 765 1145 828 suauiter
1161 765 1283 829 facien-

189 898 203 942 ς
230 879 306 931 tem.
355 869 398 931 ad
423 869 592 931 dexteram
624 889 732 931 meam
764 889 871 949 ponas
902 878 1045 931 statuam
1079 870 1282 933 Fortunatae

231 992 325 1035 meae
350 972 536 1034 columbam
560 981 752 1034 tenentem:
783 981 816 1034 et
839 972 992 1034 catellam
1016 973 1148 1053 cingulo
1172 973 1282 1053 alliga-

230 1085 298 1137 tam
323 1076 441 1138 ducat:
469 1086 503 1138 et
526 1075 713 1138 cicaronem
738 1095 858 1151 meum,
876 1085 909 1138 et
930 1077 1109 1158 amphoras
1129 1077 1282 1159 copiosas

231 1189 402 1262 gypsatas‚
428 1199 470 1242 ne
495 1179 632 1241 effluant
659 1179 783 1241 uinum.
831 1189 864 1241 et
891 1199 1009 1242 urnam
1037 1180 1113 1243 licet
1140 1181 1281 1243 fractam

232 1284 375 1365 sculpas
393 1293 427 1346 ct
450 1303 641 1364 supeream
666 1302 805 1364 puerum
831 1284 1025 1364 plorantem.
1073 1284 1280 1366 horologium

177 1419 206 1450 ιο
231 1389 264 1449 in
289 1388 409 1462 medio,
427 1397 463 1450 ut
487 1387 636 1469 quisquis
660 1387 759 1449 horas
775 1387 938 1469 inspiciet,
956 1388 1036 1450 uelit
1052 1388 1141 1464 nolit,
1159 1409 1281 1451 nomen

232 1513 344 1555 meum
368 1493 466 1572 legat.
513 1491 684 1572 inscriptio
708 1511 840 1573 quoque
864 1491 940 1554 uide
964 1492 1140 1572 diligenter
1156 1493 1183 1555 si
1200 1493 1282 1556 haec

232 1597 313 1659 satis
344 1596 463 1658 idonea
493 1595 553 1658 tibi
584 1595 734 1662 uidetur:
774 1600 791 1626 ‘⁶
802 1596 837 1659 C.
872 1595 1049 1677 Pompeius
1080 1596 1282 1659 Trimalchio

234 1699 509 1762 Maecenatianus
536 1699 589 1762 hic
616 1699 801 1781 requiescit.
859 1699 935 1763 huic
963 1700 1126 1762 seuiratus
1152 1701 1282 1763 absenti

232 1803 386 1867 decretus
409 1813 468 1866 est.
515 1823 590 1864 cum
614 1812 728 1884 posset
751 1803 785 1864 in
808 1803 962 1866 omnibus
985 1803 1127 1866 decuriis
1154 1805 1281 1866 Romae

179 1937 206 1983 15
232 1928 315 1982 esse,
333 1917 445 1970 tamen
465 1905 578 1968 noluit.
626 1907 710 1988 piuS,
728 1907 834 1982 fortiS,
851 1907 967 1979 tidelis,
985 1926 1025 1969 ex
1047 1927 1151 1988 paruo
1167 1909 1280 1983 creuit,

232 2010 421 2074 sestertium
445 2009 577 2091 reliquit
595 2009 782 2085 trecenties,
800 2029 1026 2092 necunquam
1044 2010 1280 2093 philosophum

231 2114 366 2177 audiuit.
414 2113 507 2175 uale:
532 2123 565 2175 et
580 2115 662 2175 tu.'”

277 2236 330 2296 72.
356 2219 439 2280 haec
469 2227 506 2279 ut
537 2217 617 2280 dixit
647 2217 859 2292 Trimalchio,
888 2217 967 2280 flere
992 2218 1102 2300 coepit
1129 2219 1279 2282 ubertim.

231 2323 333 2385 flebat
356 2331 389 2384 et
416 2323 608 2396 Fortunata,
635 2321 735 2384 flebat
762 2331 796 2384 et
825 2321 1011 2397 Habinnas,
1037 2332 1108 2386 tota
1138 2324 1281 2406 denique

176 2461 207 2491 ω
230 2426 366 2499 familia,
390 2436 549 2507 tanquam
577 2425 610 2487 in
637 2425 740 2488 funus
767 2435 893 2508 rogata,
920 2427 1155 2490 lamentatione
1186 2428 1281 2491 tricli-

230 2531 322 2593 nium
346 2529 505 2610 impleuit.
552 2529 653 2592 immo
669 2529 734 2591 iam
751 2550 926 2610 coeperam
942 2531 1042 2594 etiam
1059 2552 1122 2612 ego
1139 2531 1278 2612 plorare,

231 2656 306 2698 cum
322 2633 524 2696 Trimalchio
542 2634 658 2714 ‘ergo’
676 2633 783 2716 inquit
801 2641 895 2697 ‘cum
912 2635 1055 2698 sciamus
1072 2655 1133 2698 nos
1149 2635 1280 2698 moritu-

230 2759 284 2801 ros
308 2759 391 2813 esse,
409 2757 512 2819 quare
535 2757 602 2800 non
626 2737 803 2801 uiuamus?
839 2739 885 2802 sic
910 2759 970 2801 uos
995 2739 1111 2801 felices
1137 2737 1277 2814 uideam,

230 2842 431 2905 coniciamus
459 2861 520 2904 nos
547 2841 580 2902 in
608 2840 774 2917 balneum,
799 2863 873 2904 meo
897 2842 1052 2923 periculo
1077 2863 1144 2905 non
1170 2844 1280 2925 paeni-

175 2979 203 3024 25
228 2946 318 3008 tebit.
367 2945 413 3008 sic
437 2944 523 3008 calet
545 2954 704 3027 tanquam
732 2947 871 3008 furnus.’
920 2952 1026 3020 ‘uero,
1052 2947 1148 3009 uero'
1174 2947 1279 3030 inquit

231 3049 408 3112 Habinnas
426 3049 485 3112 ‘de
501 3069 569 3112 una
584 3049 638 3112 die
655 3050 738 3112 duas
755 3050 876 3124 iacere,
894 3049 974 3111 nihil
992 3049 1096 3112 malo’
1115 3051 1278 3133 nudisque

228 3153 434 3217 consurrexit
456 3153 598 3235 pedibus
620 3163 653 3215 et
674 3153 956 3216 Trimalchionem
974 3153 1189 3235 plaudentem
1206 3154 1279 3217 sub-

228 3257 321 3340 sequi
337 3254 447 3341 coepit.

176 3420 263 3474 While
280 3419 438 3474 Trimalchio
455 3421 510 3472 arrd
526 3421 567 3472 the
584 3421 667 3472 others
684 3437 730 3472 ore
746 3420 774 3472 iu
792 3421 831 3472 the
849 3421 916 3484 both,
933 3422 972 3473 the
989 3422 1057 3474 three
1069 3421 1178 3490 friends
1197 3429 1237 3489 try
1254 3429 1278 3474 to

227 3524 320 3576 escape
332 3505 407 3576 from
423 3508 463 3560 the
481 3509 567 3570 house,
584 3508 626 3559 but
643 3524 689 3558 ore
705 3507 812 3576 refused
830 3508 881 3559 ecit
899 3509 986 3576 hythe
1005 3509 1184 3576 door-heeper.
1225 3507 1278 3560 The

226 3595 354 3662 drinhinp
370 3595 393 3646 is
407 3595 508 3662 finally
526 3595 644 3646 reneroed
662 3595 741 3646 uhout
759 3595 894 3662 doyhreolc
913 3595 940 3646 in
961 3597 1070 3647 another
1088 3595 1276 3664 ‹liuhap-rouro.

225 3681 385 3733 Trimalchio
401 3682 450 3733 hos
465 3699 481 3733 o
497 3682 603 3750 quarrel
620 3681 679 3733 with
697 3682 737 3732 his
750 3682 857 3750 jeolous
874 3681 943 3749 wife,
957 3682 1039 3733 which
1056 3683 1087 3732 he
1103 3682 1278 3748 supplement
