2926 4232
613 327 773 376 churvs
1203 327 1242 392 33

249 487 395 572 Cyclops
412 487 531 567 longus
548 485 661 567 pedes,
678 493 712 546 et
728 504 827 565 porro
843 483 918 546 huic
935 481 1041 545 maius
1056 480 1212 544 bacillum

249 611 350 674 quam
368 591 474 652 malus
491 589 586 652 nauis
603 588 636 651 in
653 587 778 651 corbita
794 586 956 650 maximus
972 586 1047 649 ulla.

1033 689 1107 751 Non.
1123 701 1183 756 533.
1201 701 1242 739 10.

499 776 566 829 And
578 776 672 829 believe
686 776 714 827 ln
726 775 884 845 lobqoblins.

144 910 217 956 122.
250 888 423 953 terriculas
442 887 585 962 Lamias,
605 886 713 949 Fauni
729 906 811 968 quas
829 884 1047 967 Pompiliique

250 993 422 1056 instituere
441 993 582 1066 Numae,
599 990 710 1053 tremit
726 991 797 1065 has,
816 991 898 1052 haec
915 989 1026 1052 omina
1042 988 1144 1070 ponit.

251 1107 287 1159 ut
303 1097 397 1177 pueri
413 1095 560 1158 infantes
576 1094 717 1157 credunt
733 1093 829 1174 signa
845 1093 956 1156 omnia
972 1094 1081 1156 ahena

251 1201 364 1263 uiuere
381 1209 414 1262 et
430 1219 503 1262 esse
521 1197 681 1271 homines,
700 1197 746 1260 sic
762 1196 835 1260 istic
852 1197 963 1260 omnia
978 1197 1055 1260 ficta

204 1331 217 1384 5
252 1324 332 1366 uera
349 1312 476 1384 putant,
495 1302 634 1365 credunt
650 1301 754 1382 signis
771 1321 827 1363 cor
843 1300 952 1363 inesse
968 1300 1001 1362 in
1018 1299 1143 1363 ahenis.

253 1407 392 1491 pergula
409 1405 583 1488 pictorum,
601 1405 671 1468 ueri
687 1405 778 1479 nihil,
796 1404 906 1466 omnia
922 1405 1016 1467 ficta!

714 1507 789 1558 Lacr.
805 1505 872 1558 Insr.
889 1507 911 1558 Ι.
926 1519 969 1558 22.
988 1519 1034 1573 ¹33
1055 1507 1130 1560 Non.
1145 1519 1186 1575 55.
1200 1520 1244 1574 33,

430 1668 455 1720 A
467 1668 646 1738 particularly
659 1667 959 1736 objectionableperson.

147 1801 220 1859 123.
253 1781 287 1844 in
303 1800 441 1843 numero
457 1799 598 1862 quorum
616 1799 704 1841 nunc
721 1777 848 1858 primus
864 1777 1050 1840 Trebellius
1067 1777 1203 1840 multost

255 1883 398 1961 Lucius;
423 1903 500 1946 nam
518 1882 637 1945 arcesit
653 1881 765 1956 febris,
784 1881 922 1956 senium,
939 1881 1109 1955 uomitum,
1129 1903 1200 1963 pus.

1074 1985 1146 2036 Non.
1164 1997 1186 2035 1.
1205 1997 1245 2049 17.

295 2080 336 2133 On
349 2097 366 2132 a
380 2079 439 2148 wife
452 2079 507 2131 wlo
518 2078 613 2147 prinls
621 2077 671 2147 for
682 2079 753 2130 oller
765 2095 822 2129 men
835 2078 897 2129 than
909 2077 955 2130 lter
966 2078 1086 2130 husband
1090 2117 1096 2130 .

148 2211 221 2270 124.
254 2211 329 2255 cum
345 2199 499 2265 tecumst‚
518 2188 649 2271 quiduis
666 2188 746 2251 satis
763 2197 821 2250 est.
869 2187 972 2250 uisuri
988 2187 1085 2250 alieni

254 2295 320 2358 sint
336 2294 497 2367 homines,
516 2293 631 2375 spiras,
650 2293 783 2373 pallam,
800 2291 992 2355 redimicula
1008 2293 1138 2373 promit.

1040 2396 1112 2446 Non.
1128 2407 1187 2462 537.
1202 2407 1245 2461 32·

581 2554 691 2616 Lmen
715 2553 808 2616 XVI.

455 2674 510 2726 The
522 2674 578 2726 aire
590 2673 625 2743 os
635 2674 675 2725 tlte
689 2689 832 2726 nouveaux
845 2671 943 2725 riches.
1012 2669 1016 2677 '

147 2805 221 2868 125.
254 2788 308 2851 hic
325 2807 409 2869 quos
426 2786 561 2849 diuitiae
579 2785 775 2866 producunt,
793 2794 829 2847 ut
846 2793 948 2866 caput
964 2794 1095 2866 ungunt

255 2891 478 2954 horridulum!
1037 2917 1112 2969 Non¹
1126 2929 1188 2981 422,
1204 2916 1246 2968 23,

563 3051 673 3114 Lmen
696 3049 829 3113 XVIII.

473 3170 529 3224 You
542 3188 603 3238 may
615 3187 678 3238 reup
692 3170 790 3239 miqllty
802 3170 925 3233 kameels,

148 3288 220 3352 126.
255 3285 344 3348 milia
361 3285 540 3347 ducentum
557 3281 717 3345 frumenti
732 3281 820 3344 tollis
837 3281 1050 3358 medimnum,

254 3389 323 3451 uini
339 3387 427 3450 mille
444 3388 572 3451 cadum.
895 3414 969 3466 Non,
985 3426 1043 3481 544,
1060 3427 1106 3478 „3
1126 3425 1188 3483 495,
1206 3428 1247 3466 10,

375 3570 430 3622 But
443 3587 509 3637 your
521 3570 632 3620 slomaelr
647 3569 720 3620 holds
733 3586 766 3618 11
780 3585 848 3618 more
862 3569 924 3618 than
938 3567 1016 3619 mine.

131 3699 221 3760 127.
374 3730 379 3742 .
406 3730 412 3742 .
439 3730 445 3740 .
471 3697 576 3761 aeque
593 3678 760 3740 fruniscor
776 3698 839 3758 ego
856 3698 894 3740 ac
911 3687 954 3739 tu.
1054 3716 1130 3768 Non.
1148 3728 1206 3782 113.
1222 3728 1247 3780 7.

277 3811 352 3847 nnnc.
365 3809 481 3860 snm-3
532 3824 535 3830 ·
