2934 4236
653 251 822 302 xrvuervs
982 239 990 252 “
1231 257 1289 321 155

232 409 410 472 recordare
427 409 524 472 sortis
545 407 712 493 Pythicae,
731 427 816 492 quae
835 417 868 470 te
890 407 991 470 trucis
1015 407 1140 471 bestiae
1165 409 1289 491 nuptiis

231 513 436 576 destinatam
460 533 535 576 esse
557 511 722 576 clamauit.
778 521 813 575 et
835 511 930 574 multi
952 511 1060 576 coloni
1084 513 1205 594 quique
1231 513 1288 576 cir-

231 635 410 681 cumsecus
439 627 606 680 uenantur
636 625 670 679 et
700 615 832 679 accolae
864 615 997 698 plurimi
1028 615 1181 678 uiderunt
1212 637 1286 680 cum

230 741 377 804 uespera
404 719 600 785 redeuntem
627 740 646 783 e
672 727 770 802 pastu
794 718 1000 802 proximique
1025 719 1168 782 fluminis
1194 721 1288 784 uadis

192 853 205 899 5
230 825 450 888 innatantem.
529 826 582 890 18.
615 843 677 886 nec
704 823 761 886 diu
788 823 920 887 blandis
944 823 1172 886 alimoniarum
1197 824 1289 888 obse·

230 929 319 1010 quiis
334 939 368 992 te
385 928 615 1010 saginaturum
628 946 745 990 omnes
757 927 953 990 adfirmant:
976 927 1044 1002 scd,
1056 947 1130 990 cum
1145 927 1286 1010 primum

230 1033 510 1113 praegnationem
526 1041 619 1094 tuam
632 1031 751 1113 plenus
764 1029 979 1094 maturauerit
992 1041 1113 1104 uterus,
1128 1032 1287 1112 opimiore

231 1137 344 1199 fructu
365 1135 551 1217 praeditam
573 1136 818 1199 deuoraturum.
874 1133 917 1197 ad
945 1134 1027 1198 haec
1049 1135 1114 1197 iam
1136 1144 1192 1198 tua
1216 1147 1288 1198 esto

231 1239 441 1315 existimatio
460 1249 570 1302 utrum
587 1239 755 1303 sororibus
771 1259 832 1320 pro
848 1247 907 1301 tua
923 1258 1000 1302 cara
1016 1239 1121 1302 salute
1139 1239 1286 1302 sollicitis

177 1374 206 1406 ιο
231 1343 393 1406 adsentiri
408 1343 501 1419 uelis
519 1353 552 1406 et
567 1343 733 1406 declinata
752 1351 858 1406 morte
877 1341 1048 1405 nobiscum
1069 1363 1186 1406 secura
1205 1343 1287 1424 peri·

232 1448 299 1510 culi
325 1447 449 1522 uiuere,
474 1467 517 1510 an
540 1445 755 1510 saeuissimae
783 1445 910 1510 bestiae
938 1445 1070 1528 sepeliri
1093 1446 1284 1509 uisceribus.

233 1553 323 1633 quod
346 1551 375 1614 si
394 1562 428 1614 te
447 1551 532 1614 ruris
551 1551 649 1614 huius
668 1549 793 1614 uocalis
813 1549 965 1625 solitudo,
984 1550 1037 1613 uel
1059 1549 1286 1614 clandestinae

232 1656 365 1718 ueneris
381 1655 497 1718 faetidi
513 1654 755 1737 periculosique
771 1653 977 1728 concubitus,
995 1663 1029 1716 et
1048 1654 1204 1716 uenenati
1223 1675 1287 1717 ser-

232 1759 343 1840 pentis
370 1759 543 1841 amplexus
566 1759 743 1834 delectant,
769 1769 859 1822 certe
883 1757 958 1840 piae
982 1777 1113 1821 sorores
1136 1769 1286 1822 nostrum

177 1891 206 1937 ις
231 1863 432 1926 fecerimus?

275 1977 355 2030 tunc
374 1967 503 2051 Psyche
520 1965 657 2042 misella,
674 1973 791 2048 utpote
811 1965 952 2048 simplex
975 1977 1008 2030 et
1032 1968 1133 2031 animi
1150 1969 1282 2045 tenella,

231 2072 359 2153 rapitur
378 2070 556 2134 uerborum
579 2079 649 2132 tam
673 2070 817 2133 tristium
841 2071 1037 2134 formidine:
1061 2083 1154 2135 extra
1177 2073 1286 2136 termi-

231 2197 308 2238 num
335 2175 457 2238 mentis
480 2194 561 2237 suae
584 2173 702 2257 posita,
720 2195 857 2256 prorsus
880 2175 1028 2238 omnium
1052 2177 1160 2240 mariti
1184 2177 1285 2240 moni·

230 2281 358 2342 tionum
382 2297 584 2360 suarumque
608 2277 866 2360 promissionum
888 2279 1081 2342 memoriam
1105 2281 1233 2356 effudit,
1251 2291 1284 2344 et

178 2414 206 2444 ω
229 2383 262 2445 in
286 2383 493 2465 profundum
520 2381 718 2446 calamitatis
745 2402 819 2446 sese
847 2383 1098 2465 praecipitauit;
1125 2394 1285 2448 tremens·

229 2506 293 2568 que
316 2497 350 2550 et
373 2485 516 2567 exangui
538 2486 649 2550 colore
675 2485 782 2549 lurida
807 2486 941 2550 tertiata
968 2486 1070 2550 uerba
1095 2488 1283 2550 semihianti

229 2611 311 2654 uoce
338 2590 565 2672 substrepens,
591 2589 637 2653 sic
669 2590 711 2652 ad
742 2590 815 2653 illas
845 2591 911 2653 ait:
946 2611 997 2670 19.
1032 2596 1110 2654 ‘uos
1137 2592 1280 2674 quidem,

228 2694 418 2757 carissimae
435 2713 575 2769 sorores,
592 2704 629 2756 ut
651 2714 712 2776 par
730 2704 810 2770 erat,
829 2694 862 2757 in
879 2693 985 2758 officio
1002 2704 1133 2757 uestrae
1150 2695 1282 2776 pietatis

229 2798 441 2879 permanetis,
458 2817 575 2860 uerum
597 2807 630 2860 et
651 2798 698 2860 illi
719 2798 775 2880 qui
795 2797 876 2860 talia
896 2797 991 2861 uobis
1015 2799 1191 2862 adfirmant
1214 2820 1279 2863 non

179 2931 204 2976 25
228 2901 382 2964 uidentur
407 2901 488 2964 mihi
512 2901 723 2964 mendacium
743 2903 878 2982 fingere.
926 2921 988 2965 nec
1010 2902 1098 2965 enim
1124 2923 1280 2986 umquam

228 3005 289 3066 uiri
312 3005 377 3068 mei
401 3005 468 3068 uidi
492 3005 623 3081 faciem,
649 3005 702 3068 uel
726 3005 862 3068 omnino
886 3005 1003 3068 cuiatis
1027 3006 1069 3069 sit
1096 3006 1189 3082 noui;
1221 3009 1280 3070 sed

227 3119 355 3172 tantum
383 3109 555 3172 nocturnis
583 3109 786 3172 subaudiens
814 3109 952 3172 uocibus
979 3110 1132 3173 maritum
1164 3111 1281 3175 incerti

226 3222 331 3276 status
353 3223 387 3276 et
406 3233 542 3294 prorsus
563 3213 746 3294 lucifugam
770 3203 884 3288 tolero,
903 3213 1112 3296 bestiamque
1135 3215 1279 3298 aliquam

225 3326 312 3381 recte
337 3317 526 3380 dicentibus
549 3317 644 3380 uobis
668 3317 785 3380 merito
810 3317 990 3382 consentio.
1043 3338 1162 3402 meque
1190 3339 1280 3401 mag-

176 3449 203 3494 30
224 3441 348 3503 nopere
366 3441 498 3502 semper
514 3441 533 3483 a
550 3421 618 3483 suis
629 3429 731 3484 terret
744 3420 934 3501 aspectibus
947 3421 1138 3505 malumque
1150 3422 1279 3503 grande

223 3525 264 3588 de
280 3526 394 3588 uultus
415 3523 605 3587 curiositate
629 3523 865 3605 praeminatur.
913 3545 1011 3602 nunc,
1029 3525 1056 3587 si
1076 3545 1174 3607 quam
1195 3525 1279 3588 salu-

221 3637 327 3692 tarem
347 3647 445 3709 opem
466 3626 666 3710 periclitanti
688 3625 793 3688 sorori
814 3637 947 3692 uestrae
971 3627 1111 3714 potestis
1134 3627 1276 3707 adferre,
