2934 4236
211 313 272 378 140
470 307 681 357 FRAGMENTS
702 307 748 356 OF
771 307 896 356 ROMAN
920 307 1045 356 SATIRE

259 465 324 528 iam
341 464 486 527 numinis
505 464 556 528 sui
575 463 699 546 passim
718 463 842 527 tributa
861 464 959 527 uenia
979 464 1013 527 in
1035 465 1152 528 mediis
1173 486 1314 529 conuer-

260 568 325 632 sari
344 568 459 651 populi
478 568 645 631 coetibus:
670 569 723 630 uel
743 578 832 630 certe
851 588 981 630 rursum
1004 589 1091 631 nouo
1115 569 1312 632 caelestium

259 673 420 736 stillarum
458 671 607 753 germine
647 692 714 734 non
754 671 857 734 maria
899 671 957 734 sed
998 682 1103 735 terras
1140 674 1312 737 Venerem

260 776 357 839 aliam
389 775 542 856 uirginali
573 775 652 838 flore
683 774 868 856 praeditam
901 775 1091 856 pullulasse.
1176 794 1229 856 29·
1263 776 1312 841 sic

222 911 235 956 5
260 880 457 942 immensum
475 879 625 961 procedit
641 878 674 942 in
693 877 764 942 dies
783 878 914 960 opinio:
938 878 984 941 sic
1004 879 1128 942 insulas
1150 880 1214 942 iam
1237 901 1313 963 pro

260 1003 375 1047 xumas
413 993 447 1046 et
483 992 590 1046 terrae
628 983 815 1065 plusculum
854 982 1108 1066 prouinciasque
1150 984 1312 1066 plurimas

260 1089 350 1150 fama
366 1096 518 1168 porrecta
537 1096 748 1168 peruagatur.
795 1086 860 1148 iam
880 1085 975 1148 multi
993 1087 1181 1149 mortalium
1200 1088 1311 1169 longis

261 1191 431 1254 itineribus
458 1201 557 1273 atque
589 1189 757 1253 altissimis
787 1189 886 1252 maris
917 1189 1080 1253 meatibus
1112 1191 1154 1252 ad
1185 1193 1312 1254 saeculi

261 1294 429 1376 specimen
457 1293 636 1375 gloriosum
663 1292 884 1356 confluebant.
934 1294 1072 1375 Paphon
1100 1315 1208 1368 nemo,
1236 1296 1312 1359 Cni-

210 1427 237 1458 10
260 1399 325 1462 don
343 1418 450 1473 nemo,
467 1418 505 1461 ac
533 1417 575 1460 ne
602 1397 676 1479 ipsa
698 1396 832 1480 quidem
856 1397 1003 1482 Cythera
1025 1398 1067 1460 ad
1091 1410 1311 1479 conspectum

261 1502 344 1564 deae
371 1501 513 1565 Veneris
543 1501 755 1582 navigabant.
815 1521 910 1564 sacra
939 1501 1013 1564 diae
1044 1512 1310 1582 praetereuntur,

260 1606 386 1687 templa
416 1606 654 1680 deformantur,
686 1604 873 1687 puluinaria
903 1614 1125 1686 perteruntur,
1154 1607 1312 1670 caerimo-

222 1787 224 1792 .
260 1709 335 1772 niae
356 1710 587 1790 negleguntur,
610 1709 804 1772 incoronata
827 1708 1010 1784 simulacra,
1033 1718 1066 1771 et
1088 1729 1165 1772 arae
1188 1710 1312 1774 uiduae

261 1813 382 1894 frigido
416 1812 526 1875 cinere
561 1812 724 1876 foedatae.
794 1813 924 1894 puellae
959 1811 1172 1894 supplicatur,
1208 1824 1242 1877 et
1277 1815 1312 1877 in
1392 1815 1396 1820 ’

146 1949 149 1956 -
211 1945 235 1990 15
261 1916 414 1979 humanis
437 1916 582 1979 uultibus
606 1917 689 1979 deae
711 1925 824 1979 tantae
848 1915 984 1978 numina
1007 1917 1190 1998 placantur,
1215 1929 1249 1981 et
1277 1919 1311 1981 in

261 2021 422 2084 matutino
453 2039 631 2102 progressu
662 2019 799 2100 uirginis
830 2019 972 2082 uictimis
1002 2030 1035 2083 et
1066 2021 1173 2103 epulis
1202 2023 1312 2086 Vene-

260 2126 304 2187 ris
338 2124 486 2188 absentis
520 2143 643 2186 numen
677 2123 883 2205 propitiatur,
919 2123 1051 2206 iamque
1086 2144 1147 2206 per
1180 2126 1311 2207 plateas

260 2238 503 2292 commeantem
528 2227 643 2310 populi
667 2227 860 2310 frequenter
882 2226 1018 2290 floribus
1042 2228 1138 2291 sertis
1165 2239 1199 2292 et
1226 2231 1312 2293 solu-

259 2333 301 2396 tis
317 2333 547 2414 adprecantur.

208 2466 237 2497 20
303 2439 385 2501 haec
407 2439 570 2501 honorum
590 2437 782 2502 caelestium
802 2437 843 2500 ad
863 2437 994 2520 puellae
1014 2438 1162 2502 mortalis
1184 2440 1310 2502 cultum

259 2541 425 2605 inmodica
447 2541 620 2605 translatio
643 2562 742 2604 uerae
758 2542 900 2606 Veneris
922 2543 1140 2606 uehementer
1162 2543 1311 2608 incendit

259 2646 408 2709 animos:
449 2656 482 2709 et
512 2646 679 2728 inpatiens
712 2645 959 2728 indignationis,
991 2647 1100 2728 capite
1136 2649 1310 2729 quassanti

258 2751 406 2816 fremens
437 2750 545 2827 altius,
574 2750 620 2814 sic
651 2771 763 2814 secum
795 2750 946 2814 disserit:
1020 2769 1073 2827 3ο.
1105 2756 1167 2813 ‘en
1198 2771 1309 2814 rerum

259 2864 397 2917 naturae
425 2854 534 2937 prisca
560 2874 692 2936 parens,
717 2875 759 2916 en
782 2855 1021 2917 elementorum
1046 2855 1139 2936 origo
1164 2854 1308 2932 initialis,

207 2989 234 3035 25
259 2979 300 3021 en
320 2958 409 3022 orbis
428 2959 529 3021 totius
552 2959 639 3020 alma
654 2959 780 3032 Venus,
802 2954 922 3043 [quae]
943 2979 1018 3021 cum
1042 2957 1173 3022 mortali
1196 2961 1309 3041 puella

259 3061 414 3143 partiario
445 3061 626 3124 maiestatis
658 3062 783 3124 honore
812 3071 945 3137 tractor,
977 3071 1010 3124 et
1040 3081 1162 3125 nomen
1197 3083 1308 3126 meum

259 3166 351 3228 caelo
368 3165 537 3228 conditum
555 3165 695 3228 terrenis
714 3165 865 3228 sordibus
885 3166 1107 3247 profanatur?
1152 3166 1307 3229 nimirum

259 3269 426 3332 communi
457 3270 601 3332 numinis
629 3270 797 3351 piamento
828 3270 970 3333 uicariae
1002 3271 1225 3334 uenerationis
1263 3271 1309 3333 in-

258 3383 385 3436 certum
402 3373 581 3448 sustinebo,
599 3384 632 3436 et
648 3373 825 3454 imaginem
843 3394 950 3436 meam
967 3374 1177 3437 circumferet
1196 3375 1309 3456 puella

205 3509 234 3552 30
258 3477 434 3541 moritura!
481 3479 604 3540 frustra
623 3497 676 3539 me
696 3487 810 3558 pastor
826 3477 888 3552 ille,
907 3477 1000 3540 cuius
1019 3477 1177 3541 iustitiam
1196 3479 1309 3541 fidem-

258 3603 322 3664 que
339 3602 481 3663 magnus
497 3581 726 3663 comprobauit
746 3581 906 3662 Iuppiter,
925 3582 967 3643 ob
989 3582 1142 3644 eximiam
1162 3583 1307 3670 speciem

257 3687 358 3748 tantis
385 3685 542 3768 praetulit
572 3684 707 3748 deabus.
764 3685 823 3748 sed
849 3705 916 3748 non
944 3685 1028 3747 adeo
1056 3687 1207 3770 gaudens
1234 3686 1307 3763 ista,
