2934 4236
213 302 271 384 1¹18
473 307 684 358 xxncnauxs
706 306 751 356 or
774 306 900 356 nounu
923 305 1049 355 snmus

307 484 381 547 115.
407 466 560 529 audimus
577 485 725 528 murmur
748 463 916 527 insolitum
935 473 969 526 et
990 462 1051 526 sub
1067 462 1178 526 diaeta
1194 464 1316 546 magis-

260 571 303 636 tri
333 570 427 655 quasi
458 569 624 651 cupientis
655 568 744 630 exire
774 568 893 630 beluae
921 567 1092 648 gemitum,
1146 569 1318 649 persecuti

261 676 362 758 igitur
384 694 502 738 sonum
527 672 715 736 inuenimus
741 672 943 754 Eumolpum
963 671 1135 734 sedentem
1152 673 1317 734 membra-

261 799 390 862 naeque
417 777 546 859 ingenti
573 796 690 839 uersus
713 776 929 856 ingerentem.
977 775 1086 838 mirati
1109 795 1200 857 erg0,
1226 777 1317 858 quod

223 913 237 960 5
261 883 308 946 illi
330 891 465 946 uacaret
488 881 521 943 in
541 879 662 944 uicinia
685 879 800 946 mortis
824 899 945 961 poema
967 879 1089 954 iacere,
1110 880 1317 942 extrahimus

261 987 460 1050 clamantem
496 985 714 1066 iubemusque
749 983 871 1046 bonam
906 983 1028 1045 habere
1063 993 1219 1046 mentem.
1283 994 1318 1046 at

262 1091 315 1153 ille
340 1089 570 1170 interpellatus
595 1087 773 1150 excanduit
797 1096 831 1149 et
855 1085 970 1149 ‘sinite
998 1087 1069 1149 me’
1094 1086 1201 1169 inquit
1226 1093 1318 1150 ‘sen-

261 1193 399 1256 tentiam
424 1193 576 1274 explere;
609 1191 736 1256 laborat
763 1210 896 1255 carmen
924 1190 958 1252 in
986 1191 1072 1253 tine’
1128 1190 1227 1255 inicio
1252 1211 1318 1272 ego

262 1296 448 1379 phrenitico
469 1315 604 1356 manum
628 1294 791 1376 iubeoque
812 1294 934 1358 Gitona
958 1294 1117 1357 accedere
1140 1303 1174 1357 et
1197 1294 1232 1356 in
1255 1304 1319 1357 ter-

212 1429 240 1462 10
263 1420 333 1463 ram
348 1401 480 1462 trahere
497 1409 631 1480 poetam
648 1398 853 1480 mugientem

781 1525 799 1560 ι

307 1608 369 1671 hoc
393 1627 494 1688 opere
517 1607 653 1669 tandem
673 1605 843 1668 elaborato
863 1625 975 1668 casam
999 1605 1212 1686 piscatoriam
1233 1608 1321 1670 subi-

264 1733 337 1776 mus
363 1721 558 1786 maerenteS,
583 1711 731 1791 cibisque
758 1709 935 1790 naufragio
959 1710 1124 1792 corruptis
1147 1719 1320 1794 utcunque

264 1816 368 1879 curati
391 1814 612 1878 tristissimam
629 1814 800 1894 exegimus
816 1823 958 1876 noctem.
1005 1824 1140 1894 postero
1160 1815 1223 1890 die,
1242 1835 1341 1877 cum-

264 1938 464 2001 poneremus
492 1917 675 1991 consilium,
701 1917 754 1979 cui
780 1937 842 1978 nos
869 1916 997 1998 regioni
1024 1918 1247 1993 crederemus,
1273 1939 1320 1980 re-

214 2053 240 2099 15
265 2033 366 2105 pente
383 2022 480 2084 uideo
496 2041 618 2102 corpus
642 2022 825 2082 humanum
847 2020 1083 2084 circumactum
1108 2021 1174 2084 leui
1193 2022 1320 2085 uertice

265 2127 306 2189 ad
323 2126 400 2188 litus
417 2125 546 2188 deferri.
588 2124 718 2187 substiti
735 2144 814 2204 ergo
830 2123 933 2187 tristis
950 2124 1110 2206 coepique
1127 2126 1320 2188 umentibus

265 2230 368 2294 oculis
385 2229 484 2291 maris
504 2229 603 2291 fidem
623 2228 788 2308 inspicere
804 2237 837 2290 et
854 2228 957 2290 ‘hunc
974 2228 1130 2291 forsitan’
1149 2231 1320 2311 proclamo

267 2335 314 2396 ‘in
332 2334 441 2415 aliqua
464 2342 558 2414 parte
579 2342 741 2394 terrarum
763 2351 880 2394 secura
898 2341 1053 2413 expectat
1070 2353 1159 2407 uxor,
1177 2334 1318 2396 forsitan

265 2439 401 2520 ignarus
424 2435 632 2518 tempestatis
656 2435 742 2497 filius
766 2444 823 2497 aut
847 2445 958 2516 pater;
983 2435 1098 2518 utique
1114 2437 1247 2526 reliquit
1266 2438 1320 2500 ali-

214 2577 243 2608 20
266 2563 374 2625 quern,
399 2541 453 2604 cui
477 2540 689 2621 proficiscens
713 2539 863 2602 osculum
887 2539 987 2601 dedit.
1036 2541 1119 2603 haec
1143 2551 1221 2603 sunt
1245 2562 1321 2604 con-

266 2646 338 2709 silia
355 2645 551 2718 mortalium,
569 2644 651 2706 haec
668 2653 747 2705 uota
765 2662 963 2723 magnarum
981 2643 1228 2724 cogitationum.
1277 2666 1320 2708 en

267 2751 366 2813 homo
387 2747 668 2831 quemadmodum
691 2745 803 2809 natat'
851 2746 960 2809 adhuc
983 2756 1143 2829 tanquam
1168 2748 1320 2829 ignotum

266 2854 440 2928 deflebam,
459 2871 533 2915 curn
553 2850 747 2913 inuiolatum
764 2871 801 2912 os
818 2849 938 2913 fluctus
949 2851 1119 2924 ‚conuertit
1136 2851 1169 2913 in
1185 2861 1319 2927 terram,

267 2957 455 3038 agnouique
471 2955 650 3018 terribilem
668 2955 766 3036 paulo
780 2963 857 3016 ante
870 2963 904 3017 et
920 2954 1163 3035 implacabilem
1179 2956 1319 3018 Licham

215 3093 242 3140 25
267 3061 407 3143 pedibus
424 3060 505 3122 meis
522 3079 629 3140 paene
646 3058 840 3121 subiectum.
888 3079 955 3121 non
972 3058 1064 3120 tenui
1080 3058 1181 3139 igitur
1197 3060 1321 3122 diutius

267 3164 429 3239 lacrimas,
447 3163 548 3226 immo
572 3162 721 3245 percussi
743 3162 846 3224 semel
866 3161 1051 3244 iterumque
1069 3163 1222 3226 manibus
1247 3185 1321 3245 pec-

267 3279 321 3332 tus
343 3278 376 3331 et
398 3267 468 3330 ‘ubi
490 3287 578 3330 nunc
602 3267 666 3330 est’
689 3266 825 3348 inquam
849 3265 1033 3329 ‘iracundia
1053 3275 1120 3341 tua,
1140 3267 1197 3329 ubi
1218 3267 1322 3350 impo-

267 3372 372 3437 tentia
394 3371 474 3434 tua?
520 3391 641 3452 nempe
665 3370 812 3453 piscibus
836 3369 1007 3452 beluisque
1032 3371 1203 3452 expositus
1224 3391 1270 3448 es,
1288 3383 1321 3436 et

268 3476 325 3559 qui
348 3477 448 3558 paulo
465 3484 542 3538 ante
564 3474 712 3537 iactabas
729 3473 816 3536 uires
832 3473 961 3554 imperii
980 3473 1036 3550 tui,
1054 3474 1096 3537 de
1112 3484 1180 3537 tam
1198 3495 1322 3557 magna

216 3615 247 3659 30
269 3600 355 3642 naue
382 3599 425 3641 ne
452 3579 598 3640 tabulam
627 3577 761 3658 quidem
789 3578 974 3657 naufragus
1002 3578 1114 3640 habes.
1161 3579 1206 3642 ite
1231 3601 1321 3644 nunc

270 3683 434 3755 mortales,
453 3689 486 3741 et
502 3679 631 3758 magnis
648 3679 903 3758 cogitationibus
927 3689 1063 3762 pectora
1083 3680 1228 3764 implete.
1276 3683 1321 3747 ite
