2934 4236
217 317 277 364 100
477 311 688 362 FRAGMENTS
711 312 756 363 OF
779 311 906 362 ROMAN
929 313 1055 362 SATIRE

310 466 545 550 pietaticultrix
560 468 738 549 gracilipes
754 467 960 544 crotalistria,

309 571 380 634 auis
397 572 471 634 exul
488 571 615 646 hiemis,
633 571 749 634 titulus
765 571 869 653 tepidi
884 572 1053 654 temporis,

308 675 476 758 nequitiae
492 675 606 738 nidum
623 675 656 738 in
674 676 817 739 caccabo
833 675 914 752 fecit
930 677 1037 739 modo.

309 801 375 862 quo
391 779 571 861 margarita
587 800 664 842 cara
679 779 748 856 tibi,
765 779 883 843 bacam
901 780 1072 843 Indicam?

309 904 352 946 an
368 893 404 946 ut
421 892 572 945 matrona
588 892 705 946 ornata
722 883 868 965 phaleris
885 884 1025 966 pelagiis

308 987 404 1050 tollat
420 987 522 1068 pedes
538 986 700 1049 indomita
716 986 749 1049 in
766 996 869 1050 strato
886 989 1063 1051 extraneo?

308 1091 524 1174 zmaragdum
541 1091 583 1154 ad
600 1111 700 1172 quam
717 1110 786 1153 rem
804 1091 953 1167 uiridem,
966 1092 1148 1172 pretiosum
1165 1092 1308 1156 ultrum?

309 1216 375 1277 quo
393 1193 642 1258 Carchedonios
658 1204 756 1276 optas
772 1194 867 1275 ignes
883 1195 1052 1278 lapideos?

309 1298 373 1362 nisi
389 1308 425 1361 ut
442 1298 597 1361 scintillet
613 1298 761 1380 probitas
777 1318 795 1360 e
812 1299 1031 1362 carbunculis.

309 1423 452 1484 aequum
469 1412 520 1465 est
536 1403 673 1465 induere
690 1412 827 1484 nuptam
845 1412 983 1466 uentum
999 1403 1155 1480 textilem,

309 1506 420 1590 palam
437 1515 588 1588 prostare
604 1507 730 1570 nudam
746 1506 780 1569 in
796 1506 918 1569 nebula
934 1507 1065 1570 linea?'’

310 1717 363 1794 56.
389 1714 478 1796 quod
505 1715 634 1778 autem’
661 1713 767 1796 inquit
793 1719 966 1796 ‘putamus
994 1715 1176 1778 secundum
1205 1717 1319 1780 literas

266 1819 493 1882 difficillimum
524 1838 597 1881 esse
629 1817 826 1882 artificium?
883 1837 946 1900 ego
978 1829 1060 1901 puto
1091 1820 1256 1883 medicum
1285 1831 1319 1884 et

266 1922 541 1986 nummularium:
563 1922 721 1998 medicus
733 1922 789 2004 qui
805 1922 866 1985 scit
879 1923 957 2004 quid
974 1923 1215 1987 homunciones
1230 1925 1319 1986 intra

215 2057 241 2104 15
267 2027 460 2108 praecordia
479 2047 539 2089 sua
562 2026 707 2089 habeant
730 2036 763 2089 et
786 2027 919 2108 quando
943 2026 1047 2090 febris
1070 2027 1191 2103 ueniat,
1217 2029 1317 2090 etiam

267 2131 295 2194 si
317 2131 390 2194 illos
414 2131 469 2194 odi
492 2130 644 2212 pessime,
667 2132 755 2212 quod
780 2131 861 2192 mihi
883 2130 998 2193 iubent
1022 2151 1122 2212 saepe
1146 2133 1317 2194 anatinam

267 2235 376 2317 parari
386 2257 393 2312 ;
417 2233 667 2309 nummularius,
685 2234 742 2316 qui
758 2255 817 2316 per
833 2244 1010 2316 argentum
1027 2255 1083 2298 aes
1099 2235 1198 2298 uidet.
1238 2257 1317 2298 nam
1411 2318 1414 2324 .
1463 2275 1464 2290 η

267 2349 378 2402 mutae
408 2339 534 2402 bestiae
565 2337 841 2401 laboriosissimae
871 2338 976 2403 boues
1003 2349 1036 2402 et
1067 2355 1164 2402 oues:
1202 2339 1316 2415 boues
1463 2317 1464 2344 ¹

267 2465 407 2526 quorum
426 2442 587 2506 beneficio
603 2461 726 2524 panem
743 2442 998 2518 manducamus;
1023 2462 1113 2518 oues,
1130 2443 1220 2524 quod
1241 2443 1318 2506 lana

214 2581 243 2612 ω
267 2548 341 2610 illae
358 2568 419 2610 nos
435 2546 595 2627 gloriosos
616 2545 753 2609 faciunt.
801 2555 834 2608 et
849 2546 981 2608 facinus
997 2545 1181 2626 indignum,
1199 2547 1318 2628 aliquis

268 2652 401 2716 ouillam
425 2660 475 2712 est
498 2659 531 2712 et
553 2649 699 2713 tunicam
724 2648 832 2712 habet.
879 2669 960 2730 apes
984 2649 1072 2712 enim
1095 2669 1159 2730 ego
1186 2649 1319 2713 diuinas

267 2756 390 2819 bestias
415 2763 504 2836 put0,
521 2773 606 2835 quae
629 2753 695 2816 mel
719 2763 866 2828 uomunt,
884 2753 984 2815 etiam
1009 2752 1036 2815 si
1059 2752 1215 2842 dicuntur
1237 2754 1320 2817 illud

267 2882 287 2923 a
315 2862 396 2924 Ioue
423 2859 562 2934 afferre3
595 2857 668 2920 ideo
696 2867 807 2920 autem
834 2867 999 2938 pungunt,
1024 2857 1101 2939 quia
1128 2857 1319 2940 ubicunque

268 2964 364 3027 dulce
380 2973 440 3038 est,
457 2961 502 3025 ibi
518 2971 551 3024 et
567 2961 697 3024 acidum
713 2961 883 3024 inuenies!

217 3096 244 3143 25
311 3068 377 3130 iam
407 3066 507 3129 etiarn
542 3065 759 3146 philosophos
793 3065 834 3128 de
868 3063 1003 3146 negotio
1038 3063 1210 3140 deiciebat,
1242 3086 1319 3129 cum

269 3155 406 3252 pittacia
420 3169 453 3232 in
470 3169 597 3252 scypho
614 3167 819 3231 circumferri
842 3177 1033 3249 coeperunt,
1052 3188 1201 3250 puerque
1218 3190 1321 3251 super

269 3275 332 3337 hoc
360 3273 486 3355 positus
514 3271 657 3336 officium
685 3272 890 3353 apophoreta
915 3271 1074 3335 recitauit.
1124 3277 1320 3354 ‘argentum

270 3377 499 3442 sceleratum’:
532 3376 632 3438 allata
662 3385 713 3438 est
744 3396 857 3457 perna,
884 3395 985 3457 super
1015 3396 1114 3458 quam
1146 3377 1322 3440 acetabula

269 3491 365 3546 erant
388 3480 504 3564 posita.
553 3479 742 3542 ‘ceruical':
767 3479 843 3542 offla
859 3479 989 3542 collaris
1005 3479 1104 3542 allata
1121 3489 1180 3543 est.
1230 3481 1323 3544 ‘seri-

217 3619 247 3662 30
270 3585 364 3667 sapia
385 3595 418 3647 et
443 3583 677 3646 contumelia’:
705 3582 928 3664 aecrophagie
952 3583 1040 3645 saele
1064 3583 1161 3647 datae
1186 3593 1323 3648 suntet

271 3697 388 3751 contus
405 3707 479 3750 curn
497 3685 592 3747 malo
642 3685 748 3766 ‘porri
771 3695 804 3747 et
827 3685 988 3767 persica':
1013 3686 1181 3770 flagellum
1202 3697 1235 3751 et
1256 3687 1323 3753 cul·
