2934 4236
605 253 776 308 xavcmvs
1183 261 1241 326 ¹47

184 435 320 480 censeo.
380 435 513 478 sorores
543 415 608 478 iam
638 425 716 479 tuae
750 414 865 478 mortis
899 415 1054 496 opinione
1088 415 1241 478 turbatae

183 529 351 600 tuumque
366 519 546 600 uestigium
562 519 768 600 requirentes
784 519 956 600 scopulum
974 519 1073 580 istum
1092 519 1241 600 protinus

186 624 341 685 aderunt.
387 643 528 704 quarum
545 623 572 685 si
588 643 672 705 quas
687 623 773 686 lorte
790 623 1045 685 lamentationes
1061 623 1240 704 acceperis,

161 723 165 730 ’
186 745 299 808 neque
323 727 536 808 respondeas,
556 727 656 789 immo
677 745 739 789 nec
761 725 944 808 prospicias
968 725 1110 789 omnino.
1158 739 1242 790 cete-

147 861 162 907 5
187 851 263 892 rum
284 830 366 892 mihi
386 830 520 912 quidem
542 829 775 911 grauissimum
796 829 953 905 dolorem,
973 829 1032 892 tibi
1054 851 1133 892 uero
1157 851 1242 892 surn-

188 955 282 996 mum
313 934 440 996 creabis
471 933 626 997 exitium’
677 933 802 1009 adnuit,
834 944 867 996 et
896 954 937 996 ex
968 933 1102 996 arbitrio
1134 935 1242 996 mariti

189 1058 225 1100 se
242 1038 409 1100 facturam
429 1036 618 1118 spopondit,
636 1037 754 1100 sedeo
773 1036 870 1100 simul
891 1057 966 1100 cum
992 1049 1089 1100 nocte
1113 1038 1241 1119 dilapso

189 1142 278 1204 diem
305 1151 413 1204 toturn
440 1139 583 1204 lacrimis
610 1161 649 1203 ac
676 1140 892 1222 plangoribus
916 1141 1043 1204 misella
1066 1143 1240 1216 consumit,

190 1266 226 1308 se
258 1265 348 1308 nunc
378 1245 520 1307 maxime
550 1265 686 1326 prorsus
716 1245 841 1327 perisse
871 1245 1004 1320 iterans,
1036 1267 1122 1328 quae
1154 1246 1242 1308 beati

135 1381 164 1413 ιο
190 1349 334 1412 carceris
347 1349 496 1412 custodia
508 1358 625 1430 saepta
638 1359 672 1411 et
688 1349 853 1413 humanae
869 1350 1130 1412 conuersationis
1146 1351 1242 1412 collo·
1296 1411 1299 1419 ,

190 1453 269 1535 quio
284 1435 420 1515 uiduata
431 1472 494 1515 nec
507 1451 674 1516 sororibus
687 1452 821 1534 quidem
834 1452 902 1514 suis
915 1452 956 1515 de
969 1473 1005 1515 se
1018 1454 1242 1516 maerentibus

191 1577 291 1639 opem
308 1557 486 1618 salutarem
503 1557 601 1631 ferre,
618 1575 657 1619 ac
676 1575 718 1618 ne
737 1555 850 1619 uidere
871 1577 928 1618 eas
951 1557 1083 1638 quidem
1107 1558 1242 1619 omnino

190 1670 315 1743 posset.
368 1679 429 1722 nec
460 1661 604 1735 lauaem,
630 1680 692 1722 nec
723 1659 805 1735 cibo,
832 1680 893 1722 nec
924 1660 991 1722 ulla
1021 1661 1165 1742 denique
1196 1683 1243 1723 re-

191 1765 338 1828 lectione
364 1773 522 1838 recreata,
550 1763 634 1826 flens
660 1763 801 1826 ubertim
832 1764 975 1826 decessit
1005 1765 1046 1826 ad
1078 1785 1240 1826 somnum.

137 1901 165 1946 15
190 1872 223 1934 6.
250 1889 312 1931 nec
334 1888 435 1942 mora,
452 1888 528 1930 cum
548 1868 646 1949 paulo
668 1867 829 1930 maturius
850 1869 972 1930 lectum
992 1869 1129 1930 maritus
1150 1889 1243 1931 accu-

191 1974 276 2035 bans
301 1991 441 2053 eamque
467 1971 567 2034 etiam
595 1991 683 2034 nunc
714 1971 941 2034 lacrimantem
973 1973 1165 2053 complexus
1196 1972 1242 2034 sic

192 2076 401 2158 expostulat:
441 2075 599 2138 ‘haecine
630 2075 710 2137 mihi
740 2076 949 2158 pollicebare,
984 2077 1111 2160 Psyche
1143 2077 1242 2138 mea?

192 2181 271 2262 quid
293 2181 358 2242 iam
380 2180 476 2243 dete
497 2189 573 2243 tuus
596 2179 734 2242 maritus
755 2181 916 2261 expecto?
941 2180 1021 2262 quid
1043 2181 1164 2261 spero?
1210 2191 1243 2243 et

192 2285 309 2366 perdia
325 2294 358 2346 et
375 2303 501 2366 pernox
522 2304 583 2346 neo
604 2283 691 2346 inter
710 2285 881 2365 amplexus
903 2284 1096 2365 coniugales
1119 2285 1243 2347 desinis

138 2416 169 2446 ω
192 2388 384 2451 cruciatum.
430 2407 494 2469 age
514 2387 579 2450 iam
601 2408 690 2450 nunc
711 2397 747 2450 ut
768 2387 870 2463 uoleS,
888 2398 921 2450 et
942 2388 1053 2451 animo
1074 2398 1131 2450 tuo
1155 2389 1243 2450 dam-

192 2513 275 2554 nosa
299 2491 450 2572 poscenti
477 2501 610 2572 pareto:
641 2501 771 2554 tantum
799 2491 988 2554 memineris
1015 2511 1109 2554 meae
1137 2492 1242 2554 seriae

194 2595 392 2670 monitionis,
424 2615 506 2658 cum·
530 2595 680 2676 coeperis
714 2615 788 2657 sero
823 2595 1013 2677 paenitere'
1074 2605 1155 2658 tunc
1188 2596 1243 2658 illa

193 2698 356 2780 precibus
373 2708 407 2762 et
423 2699 502 2761 dum
524 2719 559 2761 se
579 2699 771 2762 morituram
788 2699 1016 2774 comminatur,
1035 2709 1207 2781 extorquet
1224 2721 1243 2762 a

193 2803 320 2878 marit0,
337 2802 458 2885 cupitis
474 2803 608 2877 adnuat,
626 2812 663 2866 ut
679 2823 808 2866 sorores
825 2802 945 2878 uideat,
963 2803 1070 2866 luctus
1089 2805 1241 2878 mulceat,

139 2932 168 2978 25
192 2927 250 2969 ora
276 2907 436 2970 conferat.
486 2905 533 2969 sic
560 2906 614 2969 ille
641 2926 749 2970 nouae
776 2916 901 2988 nuptae
928 2906 1083 2988 precibus
1111 2907 1242 2970 ueniam

192 3010 315 3085 tribuit,
340 3019 373 3072 et
403 3010 548 3092 insuper,
573 3010 837 3092 quibuscumque
868 3011 978 3086 uellet,
1003 3031 1060 3074 eas
1091 3011 1162 3073 auri
1189 3013 1242 3073 uel

193 3113 363 3176 monilium
387 3114 512 3177 donare
536 3113 709 3177 concessit.
765 3114 823 3177 sed
847 3114 1028 3178 identidem
1052 3115 1180 3178 monuit
1205 3135 1243 3178 ac

193 3237 294 3299 saepe
321 3217 446 3292 terruit,
471 3238 514 3280 ne
545 3218 678 3300 quando
709 3237 857 3280 sororum
889 3218 1074 3300 pernicioso
1106 3218 1242 3282 consilio

193 3341 292 3384 suasa
314 3321 355 3384 de
379 3321 488 3384 forma
511 3321 620 3383 mariti
642 3331 789 3402 quaerat,
810 3342 895 3384 neue
919 3343 954 3385 se
978 3322 1140 3404 sacrilega
1163 3321 1243 3385 curi-

138 3455 169 3498 30
193 3425 311 3488 ositate
338 3425 380 3488 de
407 3434 501 3487 tanto
529 3425 738 3487 fortunarum
767 3435 928 3506 suggestu
953 3447 1088 3507 pessum
1113 3425 1241 3500 deiciat,

193 3548 254 3591 nec
286 3549 382 3590 suum
414 3537 531 3609 postea
561 3528 733 3608 contingat
764 3529 961 3609 amplexum.
1020 3530 1144 3610 gratias
1175 3529 1244 3610 egit

193 3632 319 3706 marito,
334 3631 466 3713 iamque
482 3631 597 3694 laetior
609 3631 729 3706 animo,
750 3631 825 3693 ‘sed
842 3631 952 3714 prius'
971 3632 1085 3714 inquit,
1102 3632 1244 3696 ‘centies
