<?xml version="1.0" encoding="UTF-8"?>
<!DOCTYPE html PUBLIC "-//W3C//DTD XHTML 1.0 Transitional//EN"
    "http://www.w3.org/TR/xhtml1/DTD/xhtml1-transitional.dtd">
<html xmlns="http://www.w3.org/1999/xhtml" xml:lang="en" lang="en">
 <head>
  <title>
</title>
<meta http-equiv="Content-Type" content="text/html;charset=utf-8" />
  <meta name='ocr-system' content='tesseract 3.04.00' />
  <meta name='ocr-capabilities' content='ocr_page ocr_carea ocr_par ocr_line ocrx_word'/>
</head>
<body>
  <div class='ocr_page' id='page_1' title='image "./fragmentsromans01unkngoog_0159.png"; bbox 0 0 2934 4236; ppageno 0'>
   <div class='ocr_carea' id='block_1_1' title="bbox 213 305 1049 371">
    <p class='ocr_par' dir='ltr' id='par_1_1' title="bbox 213 305 1049 371">
     <span class='ocr_line' id='line_1_1' title="bbox 213 305 1049 371; baseline -0.001 -16"><span class='ocrx_word' id='word_1_1' title='bbox 213 305 271 371; x_wconf 73' lang='lat'><strong>152</strong></span> <span class='ocrx_word' id='word_1_2' title='bbox 473 306 683 355; x_wconf 79' lang='lat' dir='ltr'>FRAGMENTS</span> <span class='ocrx_word' id='word_1_3' title='bbox 706 307 751 356; x_wconf 89' lang='lat' dir='ltr'><strong>OF</strong></span> <span class='ocrx_word' id='word_1_4' title='bbox 775 306 900 356; x_wconf 88' lang='lat' dir='ltr'>ROMAN</span> <span class='ocrx_word' id='word_1_5' title='bbox 924 306 1049 360; x_wconf 85' lang='lat' dir='ltr'><strong>SATIRE</strong></span> 
     </span>
    </p>
   </div>
   <div class='ocr_carea' id='block_1_2' title="bbox 138 460 1317 3760">
    <p class='ocr_par' dir='ltr' id='par_1_2' title="bbox 261 460 1317 858">
     <span class='ocr_line' id='line_1_2' title="bbox 261 460 1316 544; baseline 0.003 -22"><span class='ocrx_word' id='word_1_6' title='bbox 261 460 366 522; x_wconf 92' lang='lat' dir='ltr'><strong>tulum</strong></span> <span class='ocrx_word' id='word_1_7' title='bbox 394 461 570 543; x_wconf 90' lang='lat' dir='ltr'><strong>locupletis</strong></span> <span class='ocrx_word' id='word_1_8' title='bbox 597 463 689 525; x_wconf 92' lang='lat' dir='ltr'><strong>uteri.</strong></span> <span class='ocrx_word' id='word_1_9' title='bbox 748 463 807 525; x_wconf 93' lang='lat' dir='ltr'><strong>sed</strong></span> <span class='ocrx_word' id='word_1_10' title='bbox 834 463 899 524; x_wconf 93' lang='lat' dir='ltr'><strong>iam</strong></span> <span class='ocrx_word' id='word_1_11' title='bbox 927 472 1040 544; x_wconf 89' lang='lat' dir='ltr'><strong>pestes</strong></span> <span class='ocrx_word' id='word_1_12' title='bbox 1067 461 1142 524; x_wconf 89' lang='lat' dir='ltr'><strong>illae</strong></span> <span class='ocrx_word' id='word_1_13' title='bbox 1167 462 1316 525; x_wconf 86' lang='lat' dir='ltr'><strong>taeterri-</strong></span> 
     </span>
     <span class='ocr_line' id='line_1_3' title="bbox 262 565 1316 648; baseline 0.003 -23"><span class='ocrx_word' id='word_1_14' title='bbox 262 583 402 646; x_wconf 86' lang='lat' dir='ltr'>maeque</span> <span class='ocrx_word' id='word_1_15' title='bbox 418 565 524 628; x_wconf 88' lang='lat' dir='ltr'><strong>furiae</strong></span> <span class='ocrx_word' id='word_1_16' title='bbox 540 566 736 629; x_wconf 86' lang='lat' dir='ltr'><strong>anhelantes</strong></span> <span class='ocrx_word' id='word_1_17' title='bbox 755 566 927 648; x_wconf 87' lang='lat' dir='ltr'><strong>uipereum</strong></span> <span class='ocrx_word' id='word_1_18' title='bbox 947 565 1038 629; x_wconf 91' lang='lat' dir='ltr'><strong>uirus</strong></span> <span class='ocrx_word' id='word_1_19' title='bbox 1059 575 1092 628; x_wconf 85' lang='lat' dir='ltr'><strong>et</strong></span> <span class='ocrx_word' id='word_1_20' title='bbox 1112 565 1316 629; x_wconf 87' lang='lat' dir='ltr'><strong>festinantes</strong></span> 
     </span>
     <span class='ocr_line' id='line_1_4' title="bbox 262 667 1317 751; baseline 0.001 -22"><span class='ocrx_word' id='word_1_21' title='bbox 262 667 363 749; x_wconf 91' lang='lat' dir='ltr'><strong>impia</strong></span> <span class='ocrx_word' id='word_1_22' title='bbox 386 669 794 751; x_wconf 81' lang='lat' dir='ltr'><strong>celeritatenauigabant.</strong></span> <span class='ocrx_word' id='word_1_23' title='bbox 851 680 931 733; x_wconf 92' lang='lat' dir='ltr'><strong>tunc</strong></span> <span class='ocrx_word' id='word_1_24' title='bbox 955 669 1001 734; x_wconf 95' lang='lat' dir='ltr'><strong>sic</strong></span> <span class='ocrx_word' id='word_1_25' title='bbox 1024 669 1144 733; x_wconf 90' lang='lat' dir='ltr'><strong>iterum</strong></span> <span class='ocrx_word' id='word_1_26' title='bbox 1167 689 1317 732; x_wconf 91' lang='lat' dir='ltr'><strong>momen·</strong></span> 
     </span>
     <span class='ocr_line' id='line_1_5' title="bbox 261 771 1317 858; baseline 0.003 -25"><span class='ocrx_word' id='word_1_27' title='bbox 261 771 364 834; x_wconf 93' lang='lat' dir='ltr'><strong>tarius</strong></span> <span class='ocrx_word' id='word_1_28' title='bbox 387 772 525 836; x_wconf 91' lang='lat' dir='ltr'><strong>maritus</strong></span> <span class='ocrx_word' id='word_1_29' title='bbox 548 794 642 836; x_wconf 90' lang='lat' dir='ltr'><strong>suam</strong></span> <span class='ocrx_word' id='word_1_30' title='bbox 663 774 817 858; x_wconf 88' lang='lat' dir='ltr'>Psychen</span> <span class='ocrx_word' id='word_1_31' title='bbox 836 774 1012 836; x_wconf 86' lang='lat' dir='ltr'><strong>admonet:</strong></span> <span class='ocrx_word' id='word_1_32' title='bbox 1038 772 1126 836; x_wconf 91' lang='lat' dir='ltr'><strong>‘dies</strong></span> <span class='ocrx_word' id='word_1_33' title='bbox 1145 772 1262 835; x_wconf 91' lang='lat' dir='ltr'><strong>ultima</strong></span> <span class='ocrx_word' id='word_1_34' title='bbox 1280 781 1317 836; x_wconf 89' lang='lat' dir='ltr'><strong>et</strong></span> 
     </span>
    </p>

    <p class='ocr_par' dir='ltr' id='par_1_3' title="bbox 224 863 1317 1375">
     <span class='ocr_line' id='line_1_6' title="bbox 224 863 1316 958; baseline 0.002 -21"><span class='ocrx_word' id='word_1_35' title='bbox 224 903 238 949; x_wconf 81' lang='lat'><strong>5</strong></span> <span class='ocrx_word' id='word_1_36' title='bbox 262 895 359 938; x_wconf 90' lang='lat' dir='ltr'><strong>casus</strong></span> <span class='ocrx_word' id='word_1_37' title='bbox 390 886 557 940; x_wconf 87' lang='lat' dir='ltr'><strong>extremus</strong></span> <span class='ocrx_word' id='word_1_38' title='bbox 584 887 617 940; x_wconf 89' lang='lat' dir='ltr'><strong>et</strong></span> <span class='ocrx_word' id='word_1_39' title='bbox 644 897 742 940; x_wconf 89' lang='lat' dir='ltr'><strong>sexus</strong></span> <span class='ocrx_word' id='word_1_40' title='bbox 769 877 911 940; x_wconf 84' lang='lat' dir='ltr'><strong>infestus</strong></span> <span class='ocrx_word' id='word_1_41' title='bbox 938 887 971 940; x_wconf 90' lang='lat' dir='ltr'><strong>et</strong></span> <span class='ocrx_word' id='word_1_42' title='bbox 998 863 1134 958; x_wconf 84' lang='lat' dir='ltr'><strong>sanguis</strong></span> <span class='ocrx_word' id='word_1_43' title='bbox 1160 876 1316 939; x_wconf 92' lang='lat' dir='ltr'><strong>inimicus</strong></span> 
     </span>
     <span class='ocr_line' id='line_1_7' title="bbox 262 978 1317 1061; baseline 0.003 -21"><span class='ocrx_word' id='word_1_44' title='bbox 262 978 327 1041; x_wconf 91' lang='lat' dir='ltr'><strong>iam</strong></span> <span class='ocrx_word' id='word_1_45' title='bbox 347 979 489 1061; x_wconf 88' lang='lat' dir='ltr'><strong>sumpsit</strong></span> <span class='ocrx_word' id='word_1_46' title='bbox 509 1001 601 1042; x_wconf 92' lang='lat' dir='ltr'><strong>arma</strong></span> <span class='ocrx_word' id='word_1_47' title='bbox 621 991 654 1044; x_wconf 89' lang='lat' dir='ltr'><strong>et</strong></span> <span class='ocrx_word' id='word_1_48' title='bbox 676 991 786 1043; x_wconf 91' lang='lat' dir='ltr'><strong>castra</strong></span> <span class='ocrx_word' id='word_1_49' title='bbox 809 980 989 1044; x_wconf 92' lang='lat' dir='ltr'><strong>commouit</strong></span> <span class='ocrx_word' id='word_1_50' title='bbox 1010 990 1043 1043; x_wconf 91' lang='lat' dir='ltr'><strong>et</strong></span> <span class='ocrx_word' id='word_1_51' title='bbox 1066 979 1172 1043; x_wconf 87' lang='lat' dir='ltr'><strong>aciem</strong></span> <span class='ocrx_word' id='word_1_52' title='bbox 1195 979 1317 1043; x_wconf 84' lang='lat' dir='ltr'><strong>&#39;direxit</strong></span> 
     </span>
     <span class='ocr_line' id='line_1_8' title="bbox 262 1082 1317 1165; baseline 0.001 -21"><span class='ocrx_word' id='word_1_53' title='bbox 262 1092 296 1145; x_wconf 90' lang='lat' dir='ltr'><strong>et</strong></span> <span class='ocrx_word' id='word_1_54' title='bbox 318 1082 493 1147; x_wconf 91' lang='lat' dir='ltr'><strong>classicum</strong></span> <span class='ocrx_word' id='word_1_55' title='bbox 519 1084 719 1165; x_wconf 89' lang='lat' dir='ltr'><strong>personauit.</strong></span> <span class='ocrx_word' id='word_1_56' title='bbox 770 1084 836 1146; x_wconf 92' lang='lat' dir='ltr'><strong>iam</strong></span> <span class='ocrx_word' id='word_1_57' title='bbox 860 1104 1018 1147; x_wconf 91' lang='lat' dir='ltr'><strong>mucrone</strong></span> <span class='ocrx_word' id='word_1_58' title='bbox 1040 1083 1197 1146; x_wconf 90' lang='lat' dir='ltr'><strong>destricto</strong></span> <span class='ocrx_word' id='word_1_59' title='bbox 1221 1083 1317 1164; x_wconf 89' lang='lat' dir='ltr'><strong>iugu-</strong></span> 
     </span>
     <span class='ocr_line' id='line_1_9' title="bbox 263 1187 1316 1270; baseline 0 -22"><span class='ocrx_word' id='word_1_60' title='bbox 263 1187 330 1248; x_wconf 91' lang='lat' dir='ltr'><strong>lum</strong></span> <span class='ocrx_word' id='word_1_61' title='bbox 354 1196 448 1249; x_wconf 93' lang='lat' dir='ltr'><strong>tuum</strong></span> <span class='ocrx_word' id='word_1_62' title='bbox 474 1188 622 1250; x_wconf 80' lang='lat' dir='ltr'><strong>nefariae</strong></span> <span class='ocrx_word' id='word_1_63' title='bbox 645 1197 723 1250; x_wconf 89' lang='lat' dir='ltr'><strong>tuae</strong></span> <span class='ocrx_word' id='word_1_64' title='bbox 747 1207 877 1251; x_wconf 90' lang='lat' dir='ltr'><strong>sorores</strong></span> <span class='ocrx_word' id='word_1_65' title='bbox 901 1197 1027 1270; x_wconf 90' lang='lat' dir='ltr'><strong>petunt.</strong></span> <span class='ocrx_word' id='word_1_66' title='bbox 1086 1188 1151 1250; x_wconf 94' lang='lat' dir='ltr'><strong>heu</strong></span> <span class='ocrx_word' id='word_1_67' title='bbox 1179 1187 1316 1268; x_wconf 93' lang='lat' dir='ltr'><strong>quantis</strong></span> 
     </span>
     <span class='ocr_line' id='line_1_10' title="bbox 263 1291 1316 1375; baseline 0.003 -24"><span class='ocrx_word' id='word_1_68' title='bbox 263 1309 443 1370; x_wconf 89' lang='lat' dir='ltr'><strong>urguemur</strong></span> <span class='ocrx_word' id='word_1_69' title='bbox 465 1291 623 1366; x_wconf 86' lang='lat' dir='ltr'><strong>cladibus,</strong></span> <span class='ocrx_word' id='word_1_70' title='bbox 651 1292 781 1375; x_wconf 90' lang='lat' dir='ltr'><strong>Psyche</strong></span> <span class='ocrx_word' id='word_1_71' title='bbox 805 1291 1012 1354; x_wconf 91' lang='lat' dir='ltr'><strong>dulcissima!</strong></span> <span class='ocrx_word' id='word_1_72' title='bbox 1070 1291 1119 1354; x_wconf 92' lang='lat' dir='ltr'><strong>tui</strong></span> <span class='ocrx_word' id='word_1_73' title='bbox 1142 1291 1316 1372; x_wconf 87' lang='lat' dir='ltr'><strong>nostrique</strong></span> 
     </span>
    </p>

    <p class='ocr_par' dir='ltr' id='par_1_4' title="bbox 138 1393 1316 1894">
     <span class='ocr_line' id='line_1_11' title="bbox 138 1393 1313 1477; baseline 0.004 -25"><span class='ocrx_word' id='word_1_74' title='bbox 138 1465 144 1477; x_wconf 37' lang='grc' dir='ltr'><strong><em>Ι</em></strong></span> <span class='ocrx_word' id='word_1_75' title='bbox 211 1421 239 1453; x_wconf 83' lang='grc' dir='ltr'><strong>ιο</strong></span> <span class='ocrx_word' id='word_1_76' title='bbox 262 1393 428 1469; x_wconf 88' lang='lat' dir='ltr'><strong>miserere,</strong></span> <span class='ocrx_word' id='word_1_77' title='bbox 463 1394 683 1476; x_wconf 89' lang='lat' dir='ltr'><strong>religiosaque</strong></span> <span class='ocrx_word' id='word_1_78' title='bbox 721 1395 925 1458; x_wconf 89' lang='lat' dir='ltr'><strong>continentia</strong></span> <span class='ocrx_word' id='word_1_79' title='bbox 964 1396 1108 1471; x_wconf 89' lang='lat' dir='ltr'><strong>domum,</strong></span> <span class='ocrx_word' id='word_1_80' title='bbox 1146 1395 1313 1471; x_wconf 91' lang='lat' dir='ltr'><strong>maritum,</strong></span> 
     </span>
     <span class='ocr_line' id='line_1_12' title="bbox 262 1498 1315 1580; baseline 0.004 -21"><span class='ocrx_word' id='word_1_81' title='bbox 262 1506 370 1578; x_wconf 92' lang='lat' dir='ltr'><strong>teque,</strong></span> <span class='ocrx_word' id='word_1_82' title='bbox 397 1508 430 1560; x_wconf 93' lang='lat' dir='ltr'><strong>et</strong></span> <span class='ocrx_word' id='word_1_83' title='bbox 461 1498 560 1560; x_wconf 92' lang='lat' dir='ltr'><strong>istum</strong></span> <span class='ocrx_word' id='word_1_84' title='bbox 589 1499 765 1580; x_wconf 89' lang='lat' dir='ltr'><strong>paruulum</strong></span> <span class='ocrx_word' id='word_1_85' title='bbox 793 1508 942 1562; x_wconf 92' lang='lat' dir='ltr'><strong>nostrum</strong></span> <span class='ocrx_word' id='word_1_86' title='bbox 970 1499 1172 1562; x_wconf 90' lang='lat' dir='ltr'><strong>imminentis</strong></span> <span class='ocrx_word' id='word_1_87' title='bbox 1197 1499 1315 1563; x_wconf 86' lang='lat' dir='ltr'><strong>ruinae</strong></span> 
     </span>
     <span class='ocr_line' id='line_1_13' title="bbox 262 1599 1316 1685; baseline 0.003 -23"><span class='ocrx_word' id='word_1_88' title='bbox 262 1601 444 1664; x_wconf 82' lang='lat' dir='ltr'><strong>infortunio</strong></span> <span class='ocrx_word' id='word_1_89' title='bbox 466 1603 587 1664; x_wconf 91' lang='lat' dir='ltr'><strong>libera:</strong></span> <span class='ocrx_word' id='word_1_90' title='bbox 619 1623 680 1665; x_wconf 92' lang='lat' dir='ltr'><strong>nec</strong></span> <span class='ocrx_word' id='word_1_91' title='bbox 706 1602 779 1665; x_wconf 94' lang='lat' dir='ltr'><strong>illas</strong></span> <span class='ocrx_word' id='word_1_92' title='bbox 799 1603 958 1666; x_wconf 92' lang='lat' dir='ltr'><strong>scelestas</strong></span> <span class='ocrx_word' id='word_1_93' title='bbox 975 1603 1118 1666; x_wconf 84' lang='lat' dir='ltr'><strong>feminas</strong></span> <span class='ocrx_word' id='word_1_94' title='bbox 1138 1599 1237 1685; x_wconf 88' lang='lat' dir='ltr'><strong>(quas</strong></span> <span class='ocrx_word' id='word_1_95' title='bbox 1253 1603 1316 1665; x_wconf 90' lang='lat' dir='ltr'><strong>tibi</strong></span> 
     </span>
     <span class='ocr_line' id='line_1_14' title="bbox 263 1705 1316 1787; baseline 0 -19"><span class='ocrx_word' id='word_1_96' title='bbox 263 1714 339 1786; x_wconf 92' lang='lat' dir='ltr'><strong>post</strong></span> <span class='ocrx_word' id='word_1_97' title='bbox 366 1705 606 1768; x_wconf 90' lang='lat' dir='ltr'><strong>interneciuum</strong></span> <span class='ocrx_word' id='word_1_98' title='bbox 634 1706 746 1768; x_wconf 93' lang='lat' dir='ltr'><strong>odium</strong></span> <span class='ocrx_word' id='word_1_99' title='bbox 770 1714 804 1768; x_wconf 90' lang='lat' dir='ltr'><strong>et</strong></span> <span class='ocrx_word' id='word_1_100' title='bbox 827 1707 955 1769; x_wconf 90' lang='lat' dir='ltr'><strong>calcata</strong></span> <span class='ocrx_word' id='word_1_101' title='bbox 978 1705 1152 1787; x_wconf 86' lang='lat' dir='ltr'><strong>sanguinis</strong></span> <span class='ocrx_word' id='word_1_102' title='bbox 1175 1706 1316 1769; x_wconf 86' lang='lat' dir='ltr'><strong>foedera</strong></span> 
     </span>
     <span class='ocr_line' id='line_1_15' title="bbox 263 1809 1315 1894; baseline 0 -22"><span class='ocrx_word' id='word_1_103' title='bbox 263 1829 392 1872; x_wconf 93' lang='lat' dir='ltr'><strong>sorores</strong></span> <span class='ocrx_word' id='word_1_104' title='bbox 415 1811 584 1890; x_wconf 90' lang='lat' dir='ltr'><strong>appellare</strong></span> <span class='ocrx_word' id='word_1_105' title='bbox 601 1830 667 1872; x_wconf 92' lang='lat' dir='ltr'><strong>non</strong></span> <span class='ocrx_word' id='word_1_106' title='bbox 689 1809 782 1894; x_wconf 90' lang='lat' dir='ltr'><strong>licet)</strong></span> <span class='ocrx_word' id='word_1_107' title='bbox 797 1810 851 1872; x_wconf 93' lang='lat' dir='ltr'><strong>uel</strong></span> <span class='ocrx_word' id='word_1_108' title='bbox 874 1809 1000 1886; x_wconf 72' lang='lat' dir='ltr'><strong>uideas</strong></span> <span class='ocrx_word' id='word_1_109' title='bbox 1018 1811 1071 1872; x_wconf 92' lang='lat' dir='ltr'><strong>uel</strong></span> <span class='ocrx_word' id='word_1_110' title='bbox 1093 1809 1218 1884; x_wconf 86' lang='lat' dir='ltr'><strong>audias,</strong></span> <span class='ocrx_word' id='word_1_111' title='bbox 1236 1830 1315 1872; x_wconf 93' lang='lat' dir='ltr'><strong>cum</strong></span> 
     </span>
    </p>

    <p class='ocr_par' dir='ltr' id='par_1_5' title="bbox 211 1912 1316 2098">
     <span class='ocr_line' id='line_1_16' title="bbox 211 1912 1316 1996; baseline 0.003 -23"><span class='ocrx_word' id='word_1_112' title='bbox 211 1941 237 1986; x_wconf 71' lang='grc' dir='ltr'><strong>ις</strong></span> <span class='ocrx_word' id='word_1_113' title='bbox 262 1912 295 1973; x_wconf 91' lang='lat' dir='ltr'><strong>in</strong></span> <span class='ocrx_word' id='word_1_114' title='bbox 309 1933 434 1975; x_wconf 92' lang='lat' dir='ltr'><strong>morem</strong></span> <span class='ocrx_word' id='word_1_115' title='bbox 453 1913 606 1976; x_wconf 90' lang='lat' dir='ltr'><strong>Sirenum</strong></span> <span class='ocrx_word' id='word_1_116' title='bbox 624 1914 761 1996; x_wconf 92' lang='lat' dir='ltr'><strong>scopulo</strong></span> <span class='ocrx_word' id='word_1_117' title='bbox 774 1912 1001 1996; x_wconf 89' lang='lat' dir='ltr'><strong>prominentes</strong></span> <span class='ocrx_word' id='word_1_118' title='bbox 1014 1913 1158 1976; x_wconf 81' lang='lat' dir='ltr'><strong>funestis</strong></span> <span class='ocrx_word' id='word_1_119' title='bbox 1174 1912 1316 1976; x_wconf 93' lang='lat' dir='ltr'><strong>uocibus</strong></span> 
     </span>
     <span class='ocr_line' id='line_1_17' title="bbox 263 2016 604 2098; baseline 0 -20"><span class='ocrx_word' id='word_1_120' title='bbox 263 2035 341 2078; x_wconf 88' lang='lat' dir='ltr'><strong>saxa</strong></span> <span class='ocrx_word' id='word_1_121' title='bbox 358 2016 604 2098; x_wconf 87' lang='lat' dir='ltr'><strong>personabunt&#39;</strong></span> 
     </span>
    </p>

    <p class='ocr_par' dir='ltr' id='par_1_6' title="bbox 262 2120 1317 2410">
     <span class='ocr_line' id='line_1_18' title="bbox 309 2120 1315 2205; baseline 0 -23"><span class='ocrx_word' id='word_1_122' title='bbox 309 2139 359 2195; x_wconf 82' lang='lat'><strong>13.</strong></span> <span class='ocrx_word' id='word_1_123' title='bbox 386 2120 524 2201; x_wconf 87' lang='lat' dir='ltr'><strong>suscipit</strong></span> <span class='ocrx_word' id='word_1_124' title='bbox 559 2121 688 2205; x_wconf 90' lang='lat' dir='ltr'><strong>Psyche</strong></span> <span class='ocrx_word' id='word_1_125' title='bbox 726 2121 875 2202; x_wconf 88' lang='lat' dir='ltr'><strong>singultu</strong></span> <span class='ocrx_word' id='word_1_126' title='bbox 912 2120 1086 2184; x_wconf 89' lang='lat' dir='ltr'><strong>lacrimoso</strong></span> <span class='ocrx_word' id='word_1_127' title='bbox 1124 2140 1315 2183; x_wconf 88' lang='lat' dir='ltr'><strong>sermonem</strong></span> 
     </span>
     <span class='ocr_line' id='line_1_19' title="bbox 262 2223 1317 2307; baseline 0 -21"><span class='ocrx_word' id='word_1_128' title='bbox 262 2224 447 2287; x_wconf 90' lang='lat' dir='ltr'><strong>incertans:</strong></span> <span class='ocrx_word' id='word_1_129' title='bbox 474 2224 556 2286; x_wconf 89' lang='lat' dir='ltr'><strong>‘iam</strong></span> <span class='ocrx_word' id='word_1_130' title='bbox 578 2224 712 2300; x_wconf 90' lang='lat' dir='ltr'><strong>dudum,</strong></span> <span class='ocrx_word' id='word_1_131' title='bbox 740 2225 828 2307; x_wconf 92' lang='lat' dir='ltr'><strong>quod</strong></span> <span class='ocrx_word' id='word_1_132' title='bbox 854 2224 965 2301; x_wconf 88' lang='lat' dir='ltr'><strong>sciam,</strong></span> <span class='ocrx_word' id='word_1_133' title='bbox 985 2223 1062 2287; x_wconf 89' lang='lat' dir='ltr'><strong>fidei</strong></span> <span class='ocrx_word' id='word_1_134' title='bbox 1087 2233 1187 2305; x_wconf 92' lang='lat' dir='ltr'><strong>atque</strong></span> <span class='ocrx_word' id='word_1_135' title='bbox 1211 2224 1317 2306; x_wconf 90' lang='lat' dir='ltr'><strong>parci-</strong></span> 
     </span>
     <span class='ocr_line' id='line_1_20' title="bbox 262 2327 1316 2410; baseline 0 -20"><span class='ocrx_word' id='word_1_136' title='bbox 262 2327 373 2410; x_wconf 93' lang='lat' dir='ltr'><strong>loquio</strong></span> <span class='ocrx_word' id='word_1_137' title='bbox 395 2348 469 2390; x_wconf 91' lang='lat' dir='ltr'><strong>meo</strong></span> <span class='ocrx_word' id='word_1_138' title='bbox 491 2328 696 2409; x_wconf 90' lang='lat' dir='ltr'><strong>perpendisti</strong></span> <span class='ocrx_word' id='word_1_139' title='bbox 717 2329 925 2404; x_wconf 88' lang='lat' dir='ltr'><strong>documenta,</strong></span> <span class='ocrx_word' id='word_1_140' title='bbox 943 2348 1005 2392; x_wconf 87' lang='lat' dir='ltr'><strong>nec</strong></span> <span class='ocrx_word' id='word_1_141' title='bbox 1021 2348 1061 2392; x_wconf 90' lang='lat' dir='ltr'><strong>eo</strong></span> <span class='ocrx_word' id='word_1_142' title='bbox 1078 2327 1181 2391; x_wconf 92' lang='lat' dir='ltr'><strong>setius</strong></span> <span class='ocrx_word' id='word_1_143' title='bbox 1196 2328 1316 2409; x_wconf 79' lang='lat' dir='ltr'><strong>adpro</strong></span> 
     </span>
    </p>

    <p class='ocr_par' dir='ltr' id='par_1_7' title="bbox 209 2431 1316 2930">
     <span class='ocr_line' id='line_1_21' title="bbox 209 2431 1315 2496; baseline 0.005 -6"><span class='ocrx_word' id='word_1_144' title='bbox 209 2457 239 2490; x_wconf 71' lang='grc' dir='ltr'>ω</span> <span class='ocrx_word' id='word_1_145' title='bbox 261 2431 393 2494; x_wconf 91' lang='lat' dir='ltr'><strong>babitur</strong></span> <span class='ocrx_word' id='word_1_146' title='bbox 416 2431 475 2493; x_wconf 92' lang='lat' dir='ltr'><strong>tibi</strong></span> <span class='ocrx_word' id='word_1_147' title='bbox 498 2451 587 2494; x_wconf 92' lang='lat' dir='ltr'><strong>nunc</strong></span> <span class='ocrx_word' id='word_1_148' title='bbox 611 2432 711 2494; x_wconf 89' lang='lat' dir='ltr'><strong>etiam</strong></span> <span class='ocrx_word' id='word_1_149' title='bbox 734 2432 875 2495; x_wconf 87' lang='lat' dir='ltr'><strong>firmitas</strong></span> <span class='ocrx_word' id='word_1_150' title='bbox 899 2432 1000 2494; x_wconf 91' lang='lat' dir='ltr'><strong>animi</strong></span> <span class='ocrx_word' id='word_1_151' title='bbox 1023 2431 1097 2495; x_wconf 90' lang='lat' dir='ltr'><strong>mei.</strong></span> <span class='ocrx_word' id='word_1_152' title='bbox 1152 2441 1189 2495; x_wconf 92' lang='lat' dir='ltr'><strong>tu</strong></span> <span class='ocrx_word' id='word_1_153' title='bbox 1214 2432 1315 2496; x_wconf 92' lang='lat' dir='ltr'><strong>modo</strong></span> 
     </span>
     <span class='ocr_line' id='line_1_22' title="bbox 262 2535 1315 2619; baseline 0.001 -21"><span class='ocrx_word' id='word_1_154' title='bbox 262 2536 418 2619; x_wconf 90' lang='lat' dir='ltr'><strong>Zephyro</strong></span> <span class='ocrx_word' id='word_1_155' title='bbox 437 2545 551 2597; x_wconf 89' lang='lat' dir='ltr'><strong>nostro</strong></span> <span class='ocrx_word' id='word_1_156' title='bbox 574 2556 704 2598; x_wconf 90' lang='lat' dir='ltr'><strong>rursum</strong></span> <span class='ocrx_word' id='word_1_157' title='bbox 728 2536 884 2618; x_wconf 88' lang='lat' dir='ltr'><strong>praecipe</strong></span> <span class='ocrx_word' id='word_1_158' title='bbox 907 2537 1069 2618; x_wconf 85' lang='lat' dir='ltr'><strong>fungatur</strong></span> <span class='ocrx_word' id='word_1_159' title='bbox 1092 2535 1261 2618; x_wconf 89' lang='lat' dir='ltr'><strong>obsequio,</strong></span> <span class='ocrx_word' id='word_1_160' title='bbox 1279 2546 1315 2599; x_wconf 88' lang='lat' dir='ltr'><strong>et</strong></span> 
     </span>
     <span class='ocr_line' id='line_1_23' title="bbox 261 2639 1315 2722; baseline 0.003 -21"><span class='ocrx_word' id='word_1_161' title='bbox 261 2639 295 2701; x_wconf 92' lang='lat' dir='ltr'><strong>in</strong></span> <span class='ocrx_word' id='word_1_162' title='bbox 323 2639 429 2702; x_wconf 90' lang='lat' dir='ltr'><strong>uicem</strong></span> <span class='ocrx_word' id='word_1_163' title='bbox 458 2640 643 2718; x_wconf 88' lang='lat' dir='ltr'><strong>denegatae</strong></span> <span class='ocrx_word' id='word_1_164' title='bbox 671 2650 904 2704; x_wconf 88' lang='lat' dir='ltr'><strong>sacrosanctae</strong></span> <span class='ocrx_word' id='word_1_165' title='bbox 927 2640 1082 2722; x_wconf 88' lang='lat' dir='ltr'><strong>imaginis</strong></span> <span class='ocrx_word' id='word_1_166' title='bbox 1105 2649 1192 2716; x_wconf 91' lang='lat' dir='ltr'><strong>tuae,</strong></span> <span class='ocrx_word' id='word_1_167' title='bbox 1209 2640 1315 2704; x_wconf 92' lang='lat' dir='ltr'><strong>redde</strong></span> 
     </span>
     <span class='ocr_line' id='line_1_24' title="bbox 262 2741 1316 2826; baseline 0.002 -21"><span class='ocrx_word' id='word_1_168' title='bbox 262 2744 379 2806; x_wconf 92' lang='lat' dir='ltr'><strong>saltem</strong></span> <span class='ocrx_word' id='word_1_169' title='bbox 411 2753 627 2824; x_wconf 92' lang='lat' dir='ltr'><strong>conspectum</strong></span> <span class='ocrx_word' id='word_1_170' title='bbox 660 2764 819 2820; x_wconf 89' lang='lat' dir='ltr'><strong>sororum,</strong></span> <span class='ocrx_word' id='word_1_171' title='bbox 852 2764 913 2826; x_wconf 92' lang='lat' dir='ltr'><strong>per</strong></span> <span class='ocrx_word' id='word_1_172' title='bbox 942 2741 1023 2807; x_wconf 90' lang='lat' dir='ltr'><strong>istos</strong></span> <span class='ocrx_word' id='word_1_173' title='bbox 1054 2744 1247 2807; x_wconf 88' lang='lat' dir='ltr'><strong>cinnameos</strong></span> <span class='ocrx_word' id='word_1_174' title='bbox 1280 2754 1316 2807; x_wconf 90' lang='lat' dir='ltr'><strong>et</strong></span> 
     </span>
     <span class='ocr_line' id='line_1_25' title="bbox 261 2847 1315 2930; baseline 0.001 -21"><span class='ocrx_word' id='word_1_175' title='bbox 261 2847 408 2929; x_wconf 85' lang='lat' dir='ltr'><strong>undique</strong></span> <span class='ocrx_word' id='word_1_176' title='bbox 436 2848 600 2928; x_wconf 88' lang='lat' dir='ltr'><strong>pendulos</strong></span> <span class='ocrx_word' id='word_1_177' title='bbox 627 2847 736 2910; x_wconf 90' lang='lat' dir='ltr'><strong>crines</strong></span> <span class='ocrx_word' id='word_1_178' title='bbox 762 2858 846 2924; x_wconf 89' lang='lat' dir='ltr'><strong>tuos,</strong></span> <span class='ocrx_word' id='word_1_179' title='bbox 873 2868 933 2930; x_wconf 90' lang='lat' dir='ltr'><strong>per</strong></span> <span class='ocrx_word' id='word_1_180' title='bbox 962 2857 1095 2910; x_wconf 87' lang='lat' dir='ltr'><strong>teneras</strong></span> <span class='ocrx_word' id='word_1_181' title='bbox 1126 2857 1159 2910; x_wconf 91' lang='lat' dir='ltr'><strong>et</strong></span> <span class='ocrx_word' id='word_1_182' title='bbox 1190 2857 1315 2910; x_wconf 89' lang='lat' dir='ltr'><strong>teretes</strong></span> 
     </span>
    </p>

    <p class='ocr_par' dir='ltr' id='par_1_8' title="bbox 209 2951 1316 3449">
     <span class='ocr_line' id='line_1_26' title="bbox 209 2951 1314 3034; baseline 0.002 -22"><span class='ocrx_word' id='word_1_183' title='bbox 209 2979 236 3026; x_wconf 64' lang='grc' dir='ltr'><strong>ας</strong></span> <span class='ocrx_word' id='word_1_184' title='bbox 262 2961 295 3014; x_wconf 92' lang='lat' dir='ltr'><strong>et</strong></span> <span class='ocrx_word' id='word_1_185' title='bbox 325 2951 391 3013; x_wconf 87' lang='lat' dir='ltr'><strong>mei</strong></span> <span class='ocrx_word' id='word_1_186' title='bbox 422 2951 544 3013; x_wconf 85' lang='lat' dir='ltr'><strong>similes</strong></span> <span class='ocrx_word' id='word_1_187' title='bbox 576 2971 690 3032; x_wconf 87' lang='lat' dir='ltr'><strong>genas,</strong></span> <span class='ocrx_word' id='word_1_188' title='bbox 723 2972 783 3034; x_wconf 90' lang='lat' dir='ltr'><strong>per</strong></span> <span class='ocrx_word' id='word_1_189' title='bbox 814 2961 931 3033; x_wconf 91' lang='lat' dir='ltr'><strong>pectus</strong></span> <span class='ocrx_word' id='word_1_190' title='bbox 962 2951 1075 3014; x_wconf 92' lang='lat' dir='ltr'><strong>nescio</strong></span> <span class='ocrx_word' id='word_1_191' title='bbox 1107 2972 1172 3034; x_wconf 94' lang='lat' dir='ltr'><strong>quo</strong></span> <span class='ocrx_word' id='word_1_192' title='bbox 1203 2951 1314 3014; x_wconf 92' lang='lat' dir='ltr'><strong>calore</strong></span> 
     </span>
     <span class='ocr_line' id='line_1_27' title="bbox 261 3054 1314 3138; baseline -0.002 -20"><span class='ocrx_word' id='word_1_193' title='bbox 261 3055 445 3118; x_wconf 86' lang='lat' dir='ltr'><strong>feruidum!</strong></span> <span class='ocrx_word' id='word_1_194' title='bbox 493 3054 588 3118; x_wconf 92' lang='lat' dir='ltr'><strong>sicin</strong></span> <span class='ocrx_word' id='word_1_195' title='bbox 606 3056 669 3119; x_wconf 93' lang='lat' dir='ltr'><strong>hoc</strong></span> <span class='ocrx_word' id='word_1_196' title='bbox 686 3056 802 3118; x_wconf 91' lang='lat' dir='ltr'><strong>saltem</strong></span> <span class='ocrx_word' id='word_1_197' title='bbox 821 3055 960 3138; x_wconf 89' lang='lat' dir='ltr'><strong>paruulo</strong></span> <span class='ocrx_word' id='word_1_198' title='bbox 977 3074 1178 3136; x_wconf 91' lang='lat' dir='ltr'><strong>cognoscam</strong></span> <span class='ocrx_word' id='word_1_199' title='bbox 1191 3055 1314 3118; x_wconf 78' lang='lat' dir='ltr'><strong>faciem</strong></span> 
     </span>
     <span class='ocr_line' id='line_1_28' title="bbox 261 3157 1316 3241; baseline 0 -21"><span class='ocrx_word' id='word_1_200' title='bbox 261 3169 362 3234; x_wconf 90' lang='lat' dir='ltr'><strong>tuam,</strong></span> <span class='ocrx_word' id='word_1_201' title='bbox 388 3158 547 3241; x_wconf 89' lang='lat' dir='ltr'><strong>supplicis</strong></span> <span class='ocrx_word' id='word_1_202' title='bbox 575 3159 692 3222; x_wconf 87' lang='lat' dir='ltr'><strong>anxiae</strong></span> <span class='ocrx_word' id='word_1_203' title='bbox 718 3159 781 3241; x_wconf 91' lang='lat' dir='ltr'><strong>piis</strong></span> <span class='ocrx_word' id='word_1_204' title='bbox 805 3159 959 3241; x_wconf 87' lang='lat' dir='ltr'><strong>precibus</strong></span> <span class='ocrx_word' id='word_1_205' title='bbox 983 3167 1139 3240; x_wconf 90' lang='lat' dir='ltr'><strong>erogatus</strong></span> <span class='ocrx_word' id='word_1_206' title='bbox 1163 3157 1316 3239; x_wconf 91' lang='lat' dir='ltr'><strong>germani</strong></span> 
     </span>
     <span class='ocr_line' id='line_1_29' title="bbox 262 3262 1313 3345; baseline -0.002 -19"><span class='ocrx_word' id='word_1_207' title='bbox 262 3263 454 3344; x_wconf 88' lang='lat' dir='ltr'><strong>complexus</strong></span> <span class='ocrx_word' id='word_1_208' title='bbox 485 3262 620 3344; x_wconf 89' lang='lat' dir='ltr'><strong>indulge</strong></span> <span class='ocrx_word' id='word_1_209' title='bbox 651 3263 806 3338; x_wconf 82' lang='lat' dir='ltr'><strong>fructum,</strong></span> <span class='ocrx_word' id='word_1_210' title='bbox 835 3272 868 3326; x_wconf 91' lang='lat' dir='ltr'><strong>et</strong></span> <span class='ocrx_word' id='word_1_211' title='bbox 898 3262 958 3326; x_wconf 94' lang='lat' dir='ltr'><strong>tibi</strong></span> <span class='ocrx_word' id='word_1_212' title='bbox 989 3263 1131 3325; x_wconf 90' lang='lat' dir='ltr'><strong>deuotae</strong></span> <span class='ocrx_word' id='word_1_213' title='bbox 1163 3262 1313 3345; x_wconf 89' lang='lat' dir='ltr'><strong>Psychae</strong></span> 
     </span>
     <span class='ocr_line' id='line_1_30' title="bbox 262 3365 1314 3449; baseline 0 -21"><span class='ocrx_word' id='word_1_214' title='bbox 262 3366 407 3429; x_wconf 91' lang='lat' dir='ltr'><strong>animam</strong></span> <span class='ocrx_word' id='word_1_215' title='bbox 434 3366 556 3447; x_wconf 87' lang='lat' dir='ltr'><strong>gaudio</strong></span> <span class='ocrx_word' id='word_1_216' title='bbox 584 3386 705 3442; x_wconf 88' lang='lat' dir='ltr'><strong>recrea,</strong></span> <span class='ocrx_word' id='word_1_217' title='bbox 731 3387 793 3430; x_wconf 88' lang='lat' dir='ltr'><strong>nec</strong></span> <span class='ocrx_word' id='word_1_218' title='bbox 821 3367 999 3449; x_wconf 92' lang='lat' dir='ltr'><strong>quicquam</strong></span> <span class='ocrx_word' id='word_1_219' title='bbox 1027 3365 1169 3447; x_wconf 91' lang='lat' dir='ltr'><strong>amplius</strong></span> <span class='ocrx_word' id='word_1_220' title='bbox 1196 3365 1229 3427; x_wconf 93' lang='lat' dir='ltr'><strong>in</strong></span> <span class='ocrx_word' id='word_1_221' title='bbox 1255 3375 1314 3428; x_wconf 92' lang='lat' dir='ltr'><strong>tuo</strong></span> 
     </span>
    </p>

    <p class='ocr_par' dir='ltr' id='par_1_9' title="bbox 209 3469 1315 3760">
     <span class='ocr_line' id='line_1_31' title="bbox 209 3469 1315 3552; baseline -0.004 -18"><span class='ocrx_word' id='word_1_222' title='bbox 209 3503 238 3547; x_wconf 81' lang='lat'><strong>30</strong></span> <span class='ocrx_word' id='word_1_223' title='bbox 261 3471 355 3533; x_wconf 91' lang='lat' dir='ltr'><strong>uultu</strong></span> <span class='ocrx_word' id='word_1_224' title='bbox 372 3469 521 3552; x_wconf 90' lang='lat' dir='ltr'><strong>requiro;</strong></span> <span class='ocrx_word' id='word_1_225' title='bbox 547 3470 612 3531; x_wconf 90' lang='lat' dir='ltr'><strong>iam</strong></span> <span class='ocrx_word' id='word_1_226' title='bbox 630 3470 675 3532; x_wconf 93' lang='lat' dir='ltr'><strong>nil</strong></span> <span class='ocrx_word' id='word_1_227' title='bbox 693 3471 840 3533; x_wconf 89' lang='lat' dir='ltr'><strong>officiunt</strong></span> <span class='ocrx_word' id='word_1_228' title='bbox 856 3469 937 3532; x_wconf 92' lang='lat' dir='ltr'><strong>mihi</strong></span> <span class='ocrx_word' id='word_1_229' title='bbox 953 3470 1006 3532; x_wconf 92' lang='lat' dir='ltr'><strong>uel</strong></span> <span class='ocrx_word' id='word_1_230' title='bbox 1023 3469 1115 3550; x_wconf 92' lang='lat' dir='ltr'><strong>ipsae</strong></span> <span class='ocrx_word' id='word_1_231' title='bbox 1132 3478 1315 3531; x_wconf 90' lang='lat' dir='ltr'><strong>nocturnae</strong></span> 
     </span>
     <span class='ocr_line' id='line_1_32' title="bbox 260 3572 1315 3662; baseline -0.004 -24"><span class='ocrx_word' id='word_1_232' title='bbox 260 3575 437 3650; x_wconf 85' lang='lat' dir='ltr'><strong>tenebrae;</strong></span> <span class='ocrx_word' id='word_1_233' title='bbox 466 3584 564 3636; x_wconf 86' lang='lat' dir='ltr'><strong>teneo</strong></span> <span class='ocrx_word' id='word_1_234' title='bbox 591 3584 633 3649; x_wconf 89' lang='lat' dir='ltr'><strong>te,</strong></span> <span class='ocrx_word' id='word_1_235' title='bbox 659 3595 769 3637; x_wconf 89' lang='lat' dir='ltr'><strong>meum</strong></span> <span class='ocrx_word' id='word_1_236' title='bbox 794 3575 926 3636; x_wconf 85' lang='lat' dir='ltr'><strong>lumen&#39;</strong></span> <span class='ocrx_word' id='word_1_237' title='bbox 982 3573 1032 3635; x_wconf 90' lang='lat' dir='ltr'><strong>his</strong></span> <span class='ocrx_word' id='word_1_238' title='bbox 1060 3572 1169 3636; x_wconf 91' lang='lat' dir='ltr'><strong>uerbis</strong></span> <span class='ocrx_word' id='word_1_239' title='bbox 1193 3581 1226 3634; x_wconf 88' lang='lat' dir='ltr'><strong>et</strong></span> <span class='ocrx_word' id='word_1_240' title='bbox 1248 3593 1315 3662; x_wconf 86' lang='lat' dir='ltr'><strong>am-</strong></span> 
     </span>
     <span class='ocr_line' id='line_1_33' title="bbox 262 3675 1315 3760; baseline -0.003 -19"><span class='ocrx_word' id='word_1_241' title='bbox 262 3678 412 3760; x_wconf 87' lang='lat' dir='ltr'><strong>plexibus</strong></span> <span class='ocrx_word' id='word_1_242' title='bbox 429 3676 582 3739; x_wconf 93' lang='lat' dir='ltr'><strong>mollibus</strong></span> <span class='ocrx_word' id='word_1_243' title='bbox 598 3678 795 3740; x_wconf 91' lang='lat' dir='ltr'><strong>decantatus</strong></span> <span class='ocrx_word' id='word_1_244' title='bbox 811 3677 949 3740; x_wconf 91' lang='lat' dir='ltr'><strong>maritus</strong></span> <span class='ocrx_word' id='word_1_245' title='bbox 965 3676 1183 3758; x_wconf 89' lang='lat' dir='ltr'><strong>lacrimasque</strong></span> <span class='ocrx_word' id='word_1_246' title='bbox 1199 3675 1230 3739; x_wconf 92' lang='lat' dir='ltr'><strong>ei</strong></span> <span class='ocrx_word' id='word_1_247' title='bbox 1246 3675 1315 3738; x_wconf 90' lang='lat' dir='ltr'><strong>suis</strong></span> 
     </span>
    </p>
   </div>
   <div class='ocr_carea' id='block_1_3' title="bbox 0 0 1472 4236">
    <p class='ocr_par' dir='ltr' id='par_1_10' title="bbox 0 0 1472 4236">
     <span class='ocr_line' id='line_1_34' title="bbox 0 0 1472 4236; baseline 0 0"><span class='ocrx_word' id='word_1_248' title='bbox 0 0 1472 4236; x_wconf 95' lang='lat' dir='ltr'><strong> </strong></span> 
     </span>
    </p>
   </div>
  </div>
 </body>
</html>
