2934 4236
197 341 256 390 112
457 334 668 385 FRAGMENTS
690 333 736 384 OF
759 334 886 384 ROMAN
908 334 1035 384 SATIRE

246 492 398 556 manibus
416 490 572 573 Eumolpi
587 490 653 553 iam
668 490 702 553 in
719 509 874 572 soporem
890 490 1033 554 labentis
1049 491 1202 554 laciniam
1218 492 1303 554 duxi

245 605 279 660 et
303 602 380 680 ‘per
403 596 518 659 fidem'
543 595 678 678 inquam
697 600 816 676 ‘paten
834 593 927 657 cuius
951 595 1034 658 haec
1049 595 1145 657 nauis
1161 605 1221 671 est,
1240 606 1302 658 aut

246 721 329 784 quos
344 702 455 776 uehat,
472 699 582 762 dicere
598 709 694 781 potes
704 699 732 761 ?'
778 697 981 780 inquietatus
997 698 1051 761 ille
1068 698 1206 762 moleste
1221 700 1301 762 tulit

245 813 278 866 et
301 805 379 868 ‘hoc
400 802 486 867 erat'
509 803 617 885 inquit
639 803 744 885 ‘quod
767 803 939 885 placuerat
960 801 1029 878 tibi,
1047 812 1084 865 ut
1104 823 1205 884 supra
1221 824 1301 866 con-

207 938 221 985 5
246 917 385 971 stratum
416 907 512 971 nauis
542 927 782 988 occuparemus
812 905 1071 970 secretissimum
1101 907 1221 982 locum,
1254 928 1299 970 ne

245 1033 306 1074 nos
323 1012 484 1094 patereris
500 1010 729 1092 requiescere?
775 1009 855 1092 quid
872 1030 971 1091 porro
987 1009 1030 1072 ad
1049 1029 1118 1072 rem
1141 1011 1297 1092 pertinet,

246 1115 273 1177 si
300 1115 411 1178 dixero
440 1113 588 1178 Licham
607 1113 827 1177 Tarentinum
854 1133 928 1176 esse
955 1113 1126 1186 dominum
1157 1115 1298 1178 huiusce

246 1219 380 1301 nauigii,
412 1219 468 1302 qui
505 1219 744 1304 Tryphaenam
780 1218 911 1281 exulem
948 1218 1132 1280 Tarentum
1170 1219 1296 1282 ferat?’

248 1342 321 1387 101.
347 1322 502 1386 intremui
521 1332 598 1404 post
619 1323 682 1385 hoe
704 1323 832 1384 fulmen
853 1321 1023 1397 attonitus,
1040 1321 1221 1404 iuguloque
1243 1324 1299 1386 de-

195 1456 223 1490 10
245 1436 334 1490 tecto
358 1427 567 1509 ‘aliquando’
592 1427 728 1508 inquam
752 1432 875 1489 ‘totum
898 1445 961 1502 me,
988 1426 1145 1502 Fortuna,
1165 1426 1295 1490 uicisti!

245 1551 322 1592 nam
340 1530 440 1594 Giton
462 1530 596 1612 quidem
612 1550 713 1612 super
734 1540 851 1613 pectus
870 1550 981 1593 meum
1005 1529 1133 1612 positus
1153 1529 1211 1592 diu
1229 1531 1297 1593 ani-

246 1655 333 1696 mam
357 1634 433 1714 egit.
480 1633 600 1697 deinde
621 1643 657 1696 ut
675 1634 805 1696 effusus
825 1635 924 1696 sudor
947 1633 1119 1716 utriusque
1142 1634 1296 1716 spiritum

245 1738 423 1814 reuocauit,
438 1738 676 1819 comprehendi
693 1737 850 1820 Eumolpi
866 1758 977 1819 genua
992 1747 1025 1800 et
1042 1737 1232 1801 ‘miserere’
1250 1739 1296 1802 in-

245 1863 345 1924 quam
363 1842 586 1905 ‘morientium
606 1851 638 1905 et
658 1863 718 1924 pro
734 1841 899 1905 consortio
918 1841 1101 1904 studiorum
1120 1844 1296 1906 commoda

194 1973 221 2020 15
245 1967 398 2022 manum;
424 1966 513 2008 mors
536 1945 636 2020 uenit,
657 1965 743 2027 quae
766 1945 829 2008 nisi
852 1965 912 2026 per
932 1955 965 2008 te
986 1966 1054 2008 non
1077 1945 1162 2022 licet,
1184 1957 1296 2028 potest

245 2070 319 2113 esse
341 2070 402 2132 pro
422 2050 578 2112 munere’
624 2049 806 2112 inundatus
825 2050 887 2112 hac
905 2050 1090 2130 Eumolpus
1109 2049 1235 2112 inuidia
1250 2051 1296 2113 iu-

245 2163 295 2216 rat
318 2174 378 2234 per
396 2153 477 2216 deos
497 2153 644 2235 deasque
660 2173 696 2216 se
712 2173 820 2236 neque
841 2153 925 2216 scire
946 2153 1026 2236 quid
1049 2153 1214 2230 acciderit,
1233 2175 1294 2218 nec

245 2258 348 2320 ullum
365 2257 476 2320 dolum
493 2257 616 2319 malum
636 2257 772 2320 consilio
792 2257 993 2333 adhibuisse,
1011 2257 1070 2320 sed
1092 2267 1204 2320 mente
1221 2258 1295 2320 sim-

245 2361 424 2443 plicissima
445 2370 478 2424 et
502 2381 582 2424 uera
606 2362 671 2424 fide
696 2361 729 2424 in
754 2361 924 2442 nauigium
950 2362 1089 2425 comites
1113 2361 1293 2438 induxisse,

192 2495 221 2528 20
244 2487 309 2549 quo
332 2465 404 2547 ipse
429 2465 495 2527 iam
523 2465 650 2546 pridem
677 2466 778 2528 fuerit
800 2486 941 2552 usurus,¹
979 2471 1081 2548 ‘quae
1104 2475 1216 2529 autem
1241 2467 1294 2530 hic

244 2569 382 2633 insidiae
399 2570 490 2632 sunt’
508 2569 615 2652 inquit
633 2575 706 2632 ‘aut
721 2569 794 2652 quis
813 2570 986 2634 nobiscum
1009 2569 1182 2633 Hannibal
1204 2571 1295 2632 naui-

243 2675 321 2757 gat?
369 2673 491 2736 Lichas
507 2673 718 2749 Tarentinus,
736 2675 835 2737 homo
851 2674 1152 2737 uerecundissimus
1171 2684 1205 2736 et
1225 2695 1294 2738 non

243 2789 372 2842 tantum
390 2778 488 2840 huius
504 2777 628 2858 nauigii
644 2778 806 2854 dominus,
824 2779 912 2861 quod
928 2779 1022 2860 regit,
1036 2779 1095 2842 sed
1112 2779 1293 2842 fundorum

243 2883 342 2946 etiarn
364 2883 489 2965 aliquot
509 2891 543 2945 et
565 2882 711 2946 familiae
734 2883 946 2964 negotiantis,
964 2903 1048 2946 onus
1071 2883 1292 2946 deferendum

191 3015 219 3062 25
243 2987 285 3049 ad
306 2996 487 3050 mercatum
508 2986 672 3050 conducit.
720 2986 772 3050 hic
791 2997 842 3050 est
862 2987 1006 3072 Cyclops
1026 2987 1082 3050 ille
1100 2996 1134 3050 et
1154 2987 1293 3068 archipi-

243 3100 322 3166 rata,
336 3090 389 3154 eui
401 3101 572 3154 uecturam
586 3091 762 3168 debemus;
786 3101 820 3155 et
832 3101 964 3173 praeter
976 3094 1064 3156 hunc
1076 3091 1291 3176 Tryphaena,

243 3194 391 3258 omniurn
408 3196 606 3259 feminarum
623 3195 873 3271 formosissima,
891 3217 976 3279 quae
992 3195 1173 3278 uoluptatis
1190 3215 1292 3259 causa

243 3299 308 3363 huc
327 3309 426 3382 atque
446 3300 522 3364 illue
541 3301 712 3364 uectatur.’
760 3300 813 3362 ‘hi
834 3301 930 3364 sunt'
948 3299 1054 3382 inquit
1070 3300 1171 3364 Giton
1188 3305 1291 3382 ‘quos

243 3403 410 3486 fugimus’
437 3405 599 3486 simulque
627 3403 747 3486 raptim
776 3425 893 3467 causas
920 3405 1070 3468 odiorum
1100 3412 1133 3467 et
1162 3403 1291 3466 instans

190 3538 219 3582 30
243 3508 425 3590 periculum
450 3508 630 3589 trepidanti
656 3509 822 3590 Eumolpo
849 3509 991 3590 exponit.
1049 3509 1210 3572 confusus
1236 3507 1290 3570 ille

243 3621 276 3674 et
299 3612 426 3674 consilii
449 3631 552 3690 egens
576 3611 666 3674 iubet
689 3632 854 3693 quemque
879 3633 971 3674 suam
996 3612 1195 3675 sententiam
1219 3632 1291 3693 pro-

244 3733 333 3776 mere
354 3723 387 3775 et
410 3713 555 3792 ‘fingite’
578 3713 684 3795 inquit
705 3720 781 3776 ‘nos
805 3725 936 3777 antrum
958 3715 1114 3799 Cyclopis
1137 3715 1286 3779 intrasse.
