2926 4232
87 341 89 348 ⁴
186 312 227 375 82
452 318 662 369 FRAGMENTS
684 319 729 368 OF
752 319 879 368 ROMAN
902 319 1028 369 SATIRE

208 491 210 498 ’
238 475 460 560 agnoscimus,
477 485 511 539 et
527 495 631 558 paruo
647 495 724 538 aere
740 494 936 557 recuperare
955 453 1066 558 potius
1084 476 1294 552 thesaurum,
1365 503 1368 508 ·

239 601 339 665 quam
355 581 389 644 in
405 579 596 662 ambiguam
613 579 704 643 litem
722 579 945 642 descendere:

326 734 405 819 quid
422 734 548 798 faciant
563 733 664 816 leges,
683 733 739 796 ubi
756 733 825 796 sola
842 734 984 816 pecunia
1000 743 1129 817 regnat,

370 848 427 902 aut
444 837 501 900 ubi
517 847 697 921 paupertas
713 837 848 914 uincere
864 837 955 900 nulla
971 838 1102 920 potest?

202 973 217 1022 5
326 942 391 1026 ipsi
407 941 463 1025 qui
479 941 606 1027 Cynica
621 942 799 1004 traducunt
814 950 966 1022 tempora
982 962 1071 1024 pera,

370 1066 437 1109 non
454 1065 626 1128 nunquam
642 1045 786 1107 nummis
799 1045 948 1120 ¹uendere
964 1066 1044 1109 uera
1060 1045 1175 1110 solent.

327 1169 407 1232 ergo
424 1148 579 1212 iudicium
597 1148 677 1212 nihil
693 1157 744 1211 est
761 1148 824 1211 nisi
840 1148 973 1230 publica
990 1169 1127 1225 merces,

371 1263 470 1336 atque
486 1272 588 1336 eques
605 1251 638 1314 in
655 1273 756 1316 causa
772 1251 828 1335 qui
845 1253 949 1328 sedet,
966 1262 1080 1336 empta
1096 1253 1235 1336 probat!

284 1412 344 1476 sed
368 1420 499 1495 praeter
523 1430 624 1472 unum
653 1409 857 1491 dipondium,
883 1431 950 1492 quo
980 1410 1067 1474 cicer
1092 1411 1294 1495 lupinosque

190 1539 218 1573 10
241 1515 527 1580 destinaueramus
551 1514 699 1589 mercari,
724 1514 805 1576 nihil
829 1514 871 1576 ad
894 1534 1029 1576 manum
1053 1524 1132 1578 erat.
1179 1515 1294 1598 itaque

242 1640 284 1683 ne
300 1618 431 1682 interim
453 1618 578 1700 praeda
597 1617 791 1693 discederet,
809 1618 862 1680 uel
885 1617 1020 1680 minoris
1044 1618 1180 1700 pallium
1204 1620 1295 1682 addi-

242 1744 316 1787 cere
348 1722 472 1806 placuit
501 1731 535 1785 et
566 1721 708 1804 pretium
742 1721 874 1784 maioris
910 1721 1100 1803 compendii
1133 1722 1293 1786 leuiorem

242 1829 354 1890 iacere
381 1827 550 1889 iacturam.
598 1825 839 1906 cumprimum
864 1845 947 1906 ergo
970 1825 1188 1907 explicuimus
1211 1847 1294 1890 mer-

242 1952 324 2007 cem,
349 1930 466 1993 mulier
490 1939 607 2012 operto
634 1929 753 2010 capite,
778 1949 864 2011 quae
891 1949 966 1992 cum
993 1929 1117 1993 rustico
1144 1939 1291 2006 steterat,

192 2065 219 2112 15
243 2035 402 2117 inspectis
437 2033 628 2115 diligentius
664 2033 768 2114 signis
801 2033 913 2096 iniecit
947 2043 1122 2116 utramque
1153 2034 1293 2098 laciniae

244 2159 379 2202 manum
415 2157 603 2220 magnaque
640 2136 878 2200 uociferatione
915 2137 1097 2200 ‘latrones'
1140 2133 1289 2224 [tenere]

243 2243 406 2306 clamauit.
462 2251 578 2305 contra
605 2261 666 2304 nos
697 2240 890 2322 perturbati,
918 2261 961 2303 ne
993 2241 1183 2304 uideremur
1211 2242 1295 2304 nihil

244 2367 353 2429 agere,
385 2356 418 2409 et
451 2345 515 2428 ipsi
545 2345 683 2410 scissam
714 2354 748 2407 et
778 2344 947 2407 sordidam
976 2354 1092 2408 tenere
1122 2346 1294 2427 coepimus

243 2451 389 2514 tunicam
417 2459 517 2532 atque
544 2449 661 2512 eadem
686 2447 811 2510 inuidia
838 2449 1054 2529 proclamare,
1078 2459 1192 2512 nostra
1220 2470 1295 2513 esse

192 2586 222 2622 ω
245 2555 350 2637 spolia
367 2574 452 2637 quae
468 2553 514 2616 illi
533 2553 750 2634 possiderent.
799 2552 857 2615 sed
877 2552 968 2615 nullo
991 2572 1116 2634 genere
1139 2574 1201 2635 par
1223 2563 1295 2616 erat

244 2679 354 2734 causa,
383 2655 495 2742 [nam]
522 2667 556 2720 et
582 2656 735 2720 cociones
764 2655 820 2738 qui
850 2657 893 2719 ad
923 2657 1100 2720 clamorem
1132 2657 1296 2720 confluxe-

245 2773 328 2838 rant,
349 2772 496 2825 nostram
518 2761 644 2824 scilicet
664 2761 706 2823 de
727 2780 818 2823 more
841 2759 993 2822 ridebant
1016 2759 1185 2837 inuidiam,
1205 2761 1296 2844 quod

245 2888 305 2949 pro
333 2866 388 2929 illa
415 2875 509 2948 parte
535 2864 750 2928 uindicabant
775 2863 1046 2946 pretiosissimam
1072 2874 1209 2941 uestem,
1234 2886 1296 2947 pro

246 2973 308 3033 hac
336 2970 535 3052 pannuciam
563 2989 605 3032 ne
633 2969 829 3032 centonibus
858 2967 992 3050 quidem
1021 2968 1118 3032 bonis
1147 2969 1294 3051 dignam.

194 3106 221 3153 ας
246 3075 324 3138 binc
349 3074 508 3158 Ascyltos
535 3074 620 3136 bene
646 3072 748 3135 risum
775 3072 939 3148 discussit,
964 3071 1021 3154 qui
1047 3071 1178 3136 silentio
1205 3073 1296 3136 facto

249 3195 301 3258 15.
326 3177 508 3241 ‘uidemus’
523 3176 629 3259 inquit
643 3181 752 3238 ‘suam
765 3176 885 3258 cuique
897 3196 967 3239 rem
983 3196 1057 3239 esse
1073 3175 1295 3252 carissimam;

246 3283 388 3346 reddant
404 3281 499 3344 nobis
514 3281 661 3344 tunicam
680 3290 828 3342 nostram
849 3289 882 3342 et
901 3280 1038 3361 pallium
1061 3300 1158 3343 suum
1182 3280 1298 3362 recipi·
1390 3296 1398 3307 ·

247 3387 324 3450 ant)
371 3385 433 3448 etsi
449 3385 571 3448 rustico
588 3383 783 3466 mulierique
800 3383 952 3464 placebat
972 3383 1180 3466 permutati0‚
1198 3385 1297 3447 aduo-

247 3490 311 3554 cati
336 3499 447 3552 tamen
471 3489 536 3551 iam
561 3508 689 3570 poenae
713 3487 875 3562 nocturni,
899 3487 956 3570 qui
978 3487 1136 3552 uolebant
1160 3489 1297 3570 pallium

195 3627 224 3672 30
248 3595 328 3658 lucri
346 3596 464 3667 iacere,
483 3592 681 3674 flagitabant
697 3592 744 3655 uti
760 3592 850 3675 apud
871 3611 907 3654 se
930 3601 1070 3673 utraque
1093 3592 1297 3674 deponeren-

247 3709 302 3764 tur
328 3718 367 3762 ac
394 3706 528 3780 postero
551 3695 605 3760 die
627 3695 726 3760 iudex
748 3695 929 3779 querellam
952 3694 1140 3778 inspiceret.
1182 3717 1297 3778 ‚neque
