2926 4232
634 320 701 366 Vnt<
708 319 753 366 RO

435 475 544 525 Simitur
556 474 662 541 ctisplup
675 487 703 540 os
717 491 953 540 properaturarum

139 597 194 658 42.
229 575 357 651 uexilla,
376 578 514 657 phalera
531 578 684 655 gemmea
700 586 798 657 atque
815 575 974 658 ephippia

229 691 263 745 et
278 679 369 743 irma
385 679 774 761 margariticandicintia.
1034 708 1109 762 Non,
1124 721 1184 775 213,
1199 723 1243 776 23·

581 899 805 944 ENDYMIONES

364 991 432 1042 Ata
445 991 563 1061 bouquet,
577 990 726 1059 beqinniny,
740 1008 770 1042 as
783 991 869 1053 usual,
883 991 941 1042 witta
954 1009 1024 1061 eppe,

140 1114 195 1174 43.
273 1093 511 1156 discumbimus
535 1091 683 1168 inuitati;
709 1093 863 1156 dominus
887 1104 1015 1156 maturo
1039 1115 1103 1157 ouo
1126 1115 1243 1158 cenam

229 1197 413 1262 committit.
768 1225 844 1277 Non.
859 1237 918 1292 ²49·
932 1223 964 1289 ⁶3
985 1225 1044 1276 281.
1058 1239 1108 1290 213
1128 1239 1187 1294 349.
1204 1240 1243 1277 ιι.
1346 1275 1349 1280 .

412 1351 479 1403 And
486 1351 647 1421 proceedinq
659 1359 684 1403 to
696 1352 736 1403 tte
749 1351 815 1403 wine
828 1360 855 1403 at
867 1353 907 1403 the
920 1354 977 1414 end,

142 1475 196 1534 44.
230 1505 236 1518 .
262 1453 403 1517 diuitum
420 1451 598 1535 amphortis
616 1453 717 1518 Chias
733 1454 775 1516 ad
791 1452 1001 1518 communem

229 1556 364 1623 reuoctt
380 1558 556 1622 matellam.
1032 1589 1107 1640 Non.
1123 1599 1183 1655 543,
1201 1586 1242 1638 16.

302 1713 357 1766 tte
368 1722 455 1783 queste
467 1713 570 1765 ‹tetcuss
583 1714 623 1766 the
636 1721 729 1765 nature
742 1713 777 1782 os
785 1714 854 1782 sleep
867 1715 922 1765 aad
934 1714 1086 1784 visionsG).

141 1834 197 1896 45.
274 1815 421 1878 animum
445 1815 540 1878 mitto
562 1816 770 1897 speculatum
793 1825 863 1878 tota
885 1817 975 1892 urbe,
997 1827 1032 1879 ut
1056 1817 1135 1900 quid
1158 1818 1245 1880 face-

230 1930 305 1983 rent
323 1919 475 1983 homines
494 1939 570 1983 cum
593 1919 777 2000 experrecti
798 1919 872 1994 sint,
890 1941 943 1982 me
964 1921 1109 1983 facerem
1131 1921 1245 1984 certio·
1274 1977 1278 1984 .

168 2068 172 2074 -
230 2045 319 2100 rem;
358 2024 386 2087 si
402 2024 476 2106 quis
495 2023 614 2086 melius
633 2043 769 2104 operam
788 2035 942 2098 sumeret,
960 2035 996 2086 ut
1016 2025 1086 2088 eius
1108 2025 1244 2088 consilio

230 2127 341 2210 potius
368 2127 518 2209 uigilium
546 2126 816 2190 adminicularem
844 2137 1002 2190 nostrum.
1055 2129 1135 2211 quid
1162 2129 1244 2191 uidit

182 2259 196 2312 ς
231 2232 320 2295 aliud
341 2229 415 2317 [ac]
435 2231 653 2295 conuiuantes
674 2231 707 2293 in
730 2241 876 2293 extrema
897 2231 1004 2294 noctis
1025 2233 1199 2314 tempora?

1042 2335 1115 2386 Non.
1129 2348 1188 2402 231.
1202 2349 1244 2402 32.

144 2423 202 2476 One
214 2423 251 2492 os
259 2424 325 2476 them
340 2439 421 2475 seems
435 2431 460 2476 to
475 2423 539 2474 haue
558 2423 681 2474 assumed
694 2439 730 2473 nn
747 2421 866 2474 atheistic
883 2422 1000 2486 altitude,
1014 2423 1054 2476 titt
1071 2425 1183 2476 thurtder
1201 2433 1245 2476 out

595 2509 630 2578 os
636 2526 653 2561 a
665 2509 737 2561 clear
749 2510 796 2576 sley

142 2610 198 2687 46.
231 2608 310 2671 dum
327 2627 479 2671 sermone
495 2607 648 2670 cenulam
665 2607 832 2669 uariamus

291 2711 435 2775 ‘interea
450 2711 559 2774 tonuit
570 2699 661 2774 'bene
677 2721 876 2792 tempestate
893 2713 1031 2774 serena’

1044 2799 1116 2850 Non.
1129 2810 1189 2864 407.
1203 2810 1244 2863 27.

321 2885 462 2952 Suddenly
474 2893 590 2938 conuerte
602 2884 655 2936 him
668 2892 691 2936 to
705 2885 745 2935 the
758 2884 867 2952 opinion
879 2884 914 2953 of
920 2885 961 2937 tte
973 2887 1066 2937 others.

143 3004 198 3066 47.
232 2985 279 3050 sic
295 2986 337 3049 ad
354 3007 414 3050 uos
431 2986 528 3050 citius
543 2985 700 3068 opinione
716 2986 970 3049 uertilabundus
987 2988 1086 3050 miser
1102 2988 1217 3051 decidi.

1032 3091 1108 3143 Non.
1123 3090 1184 3159 35⁶·
1199 3105 1243 3158 33.

569 3204 820 3278 uerrneurouns

600 3292 672 3367 Περὶ
689 3293 786 3365 τάφων

394 3395 446 3448 His
459 3395 535 3448 books
547 3412 594 3447 are
606 3413 623 3446 α
636 3397 719 3446 man's
732 3396 829 3465 laettny
842 3406 997 3449 monument.

144 3501 199 3578 48.
276 3497 367 3582 pleni
393 3498 476 3573 libri,
502 3498 647 3579 inquam,
674 3497 730 3559 ubi
757 3509 915 3561 maneant
942 3500 1104 3582 epitaphii
1131 3521 1245 3564 eorum

232 3623 372 3686 quorum
394 3602 428 3664 in
451 3601 611 3684 sepulcris
633 3621 695 3664 nec
717 3602 794 3664 uola
816 3622 878 3665 nec
900 3603 1078 3684 uestigium
1102 3614 1200 3668 extat.
1234 3647 1236 3651 ,

1035 3707 1110 3758 Non.
1123 3705 1186 3770 416.
1203 3719 1245 3772 17.
