2926 4232
675 299 796 348 vnnno
1245 303 1284 367 73

293 454 352 518 sed
369 454 468 518 etiam
485 455 616 520 Teucer
633 455 708 519 Liui
725 466 801 538 post
817 476 922 520 annos
939 457 1005 520 XV
1021 457 1064 519 ab
1080 455 1148 520 suis
1165 457 1222 539 qui
1243 457 1285 520 sit

139 547 143 554 ’
247 647 253 658 ,
292 557 471 640 ignoretur.
938 586 1280 657 1111111311]

180 751 241 805 ‘He
255 753 278 805 is
290 753 440 805 ostonisted
453 761 477 805 to
488 753 552 821 flod
564 753 666 806 instead
675 754 710 823 os
718 754 758 806 liis
770 755 954 808 smooth-sitorn
968 755 1038 822 boy's
1047 755 1114 806 teau
1124 772 1160 806 an
1170 755 1214 807 old
1223 755 1285 807 bald

285 848 356 908 pote,
371 840 429 892 with
443 857 478 892 an
492 841 555 910 uyly
568 849 645 893 snout
657 842 712 892 and
724 857 820 910 sauoye
833 841 932 893 bristles
945 841 997 893 lilce
1010 859 1027 893 a
1040 843 1206 912 liedqeitoy:⁹

182 961 257 1024 186.
335 979 371 1022 se
395 959 622 1041 circumspexe
645 969 745 1041 atque
769 959 946 1035 inuenisse,
971 980 1015 1035 se,
1040 981 1116 1024 cum
1140 959 1284 1024 dormire

179 1129 191 1146 ¹,
290 1063 456 1145 coepisset
486 1073 555 1126 tam
586 1063 703 1144 glaber
730 1083 830 1146 quam
863 1064 1026 1140 Socrates
1052 1084 1126 1128 esse
1157 1065 1283 1127 factum

290 1167 427 1231 ericium
443 1188 518 1231 cum
535 1167 610 1250 pilis
626 1167 719 1243 albis,
737 1187 812 1230 cum
829 1167 1035 1251 proboscide.

972 1271 1045 1322 Non.
1063 1268 1119 1322 106.
1136 1283 1182 1339 153
1202 1283 1245 1339 49.
1259 1284 1283 1338 3.

323 1389 393 1442 ‘But
404 1390 435 1442 he
447 1389 470 1441 is
482 1389 536 1441 still
548 1407 619 1442 more
631 1353 780 1442 astonisited
792 1398 819 1442 at
831 1390 872 1442 tite
884 1390 984 1458 chaoqe
997 1390 1026 1441 in
1039 1389 1145 1443 Rome’

181 1511 257 1587 187.
337 1511 479 1572 Romam
495 1528 668 1590 regressus
684 1508 729 1571 ibi
745 1508 825 1571 nihil
839 1508 968 1571 offendi
980 1509 1069 1590 quod
1082 1519 1161 1572 ante
1177 1529 1283 1572 annos

289 1612 542 1695 quinquaginta,
560 1633 636 1675 cum
653 1612 795 1695 primum
812 1611 955 1675 dormire
972 1612 1076 1694 coepi,
1095 1613 1219 1694 reliqui.

1098 1716 1170 1766 Non.
1185 1727 1244 1782 359.
1261 1727 1281 1766 1.

227 1834 359 1887 ‘Luerine
372 1844 476 1904 oysters,
484 1834 618 1904 formerly
630 1851 648 1886 a
660 1834 784 1904 weddinq
796 1834 863 1898 dist,
877 1851 923 1886 are
936 1852 993 1887 now
1005 1835 1134 1902 everydoy
1142 1833 1229 1902 fore!

182 1956 256 2019 188.
289 1963 369 2017 tunc
386 1952 523 2037 nuptiae
540 1953 698 2016 uidebant
715 1950 856 2016 ostream
875 1953 1054 2015 Lucrinam
1078 2001 1084 2014 .
1111 2002 1117 2014 .
1143 2002 1149 2014 .

1096 2055 1169 2106 Non.
1184 2052 1243 2105 216.
1257 2067 1282 2118 4.

179 2175 251 2228 ‘For
263 2175 352 2240 which,
366 2175 545 2244 accordinqu,
558 2176 600 2227 the
612 2175 743 2242 bankrupt
757 2175 857 2243 qlutton
874 2174 977 2242 silently
990 2191 1119 2242 preparas
1138 2175 1177 2226 tire
1197 2174 1283 2226 ineen-

635 2261 714 2330 diary
733 2263 824 2314 lorch)

180 2384 254 2463 189.
288 2431 295 2445 .
322 2431 328 2444 .
355 2431 361 2444 .
387 2382 500 2444 ‘adest
515 2382 590 2444 faxs
606 2379 756 2444 inuoluta
771 2380 963 2443 incandioi’

936 2483 1146 2548 Non.112.22;
1166 2482 1224 2549 328.
1239 2495 1280 2534 21.

178 2603 284 2658 ‘While
296 2604 428 2674 formerly
440 2605 480 2656 lite
493 2601 586 2672 satier
598 2603 721 2672 disposed
734 2603 768 2672 of
780 2603 820 2654 iris
835 2603 889 2671 boy,
904 2621 961 2655 noro
976 2604 1016 2654 tlte
1031 2603 1149 2670 disposui
1162 2603 1184 2653 is
1197 2611 1281 2654 eroru-

241 2691 338 2761 ferred
350 2700 374 2744 to
387 2692 427 2744 the
440 2692 531 2743 latter:
549 2692 580 2742 ite
590 2691 714 2759 disposes‚
721 2690 850 2759 forsooth,
864 2690 944 2759 oflu's
950 2690 1044 2759 sother
1056 2691 1087 2758 by
1096 2689 1210 2758 poison!

180 2830 254 2891 190.
331 2831 420 2873 nunc
437 2809 510 2892 quis
527 2819 655 2890 patrem
669 2809 785 2872 decem
802 2829 965 2872 annorum
982 2818 1081 2871 natus
1097 2829 1164 2871 non
1182 2807 1280 2871 modo

287 2915 406 2990 aufert,
424 2914 483 2976 sed
499 2914 593 2990 tollit,
611 2913 675 2976 nisi
690 2913 844 2976 ueneno?
951 2955 1024 3007 Non,
1038 2965 1098 3018 407·
1112 2953 1144 3019 83
1164 2967 1223 3018 422,
1241 2951 1279 3004 15,

428 3117 501 3170 ‘Tite
515 3118 646 3170 comitium
659 3120 706 3170 ias
719 3119 819 3170 become
833 3135 868 3169 on
881 3118 1029 3186 erchanye,'

180 3258 253 3320 191.
288 3237 345 3301 ubi
359 3247 430 3300 tum
447 3237 579 3300 comitia
595 3238 771 3312 habebant,
789 3237 834 3299 ibi
850 3257 938 3325 nunc
956 3237 991 3298 fit
1007 3245 1181 3298 mercatus.

922 3340 997 3390 Non.
1013 3351 1073 3388 212.
1089 3351 1138 3405 253
1159 3351 1220 3404 431.
1238 3351 1277 3404 13·

343 3459 418 3511 ‘Tite
431 3459 554 3511 oriminol
567 3459 628 3510 trini
640 3476 657 3510 α
669 3459 738 3511 mine
752 3459 786 3527 of
792 3459 854 3527 yold
861 3458 910 3526 sor
923 3459 963 3508 tie
971 3459 1114 3525 jurymen!

180 3597 255 3660 192.
287 3577 406 3642 auidus
422 3578 520 3641 iudex
535 3598 628 3640 reum
645 3578 788 3640 ducebat
803 3597 876 3640 esse
896 3572 1019 3637 ίκοινὸν
1032 3572 1176 3657 Ἑρμῆν.’

1068 3680 1143 3730 Non.
1159 3676 1219 3743 283.
1237 3689 1278 3741 17.
