2934 4236
201 317 259 385 172
461 313 671 363 FRAGMENTS
693 313 738 363 OF
761 313 888 363 ROMAN
911 313 1037 362 SATIRE

292 492 355 536 nec
385 481 497 535 tamen
528 471 618 554 apud
652 471 820 534 dominam
855 471 971 534 saltem
1007 469 1145 533 secundi
1177 469 1300 534 laboris

249 576 441 660 periculum,
460 575 644 638 secundum
660 575 886 638 testimonium
904 574 1040 650 meruit;
1065 574 1125 637 sed
1141 575 1300 638 contortis

249 680 434 764 superciliis
454 679 629 742 subridens
648 699 797 741 amarum
820 679 865 741 sic
885 678 1009 761 inquit:
1033 685 1111 742 ‘nec
1133 699 1186 742 me
1208 700 1301 761 prae·

248 784 325 848 terit
351 783 449 846 huius
476 802 608 866 quoque
635 782 718 846 iacti
740 791 856 846 auctor
878 782 1092 846 adulterinus.
1152 784 1211 846 sed
1234 783 1300 847 iam

211 909 337 966 5nunc
368 908 432 969 ego
463 887 578 950 sedulo
610 886 829 969 periclitabor,
858 907 900 949 an
928 887 1052 969 oppido
1080 887 1160 950 lorti
1190 887 1300 951 animo

249 992 476 1075 singularique
501 990 678 1075 prudentia
702 990 746 1053 sis
771 973 930 1072 praedita.
988 991 1127 1054 uidesne
1151 991 1302 1054 insisten-

249 1106 317 1160 tem
340 1095 541 1160 celsissimae
562 1095 608 1158 illi
629 1094 704 1178 rupi
729 1095 851 1157 montis
870 1094 965 1158 ardui
989 1095 1149 1158 uerticem
1174 1096 1215 1158 de
1236 1116 1300 1177 quo

249 1201 352 1264 fontis
369 1199 431 1263 atri
447 1201 563 1264 fuscae
584 1199 734 1262 defluunt
756 1199 875 1274 undae,
893 1219 1140 1281 proxumaeque
1163 1219 1302 1280 concep-

249 1305 359 1368 taculo
378 1304 474 1367 uallis
494 1303 642 1367 inclusae
664 1302 800 1389 Stygias
819 1302 966 1384 inrigant
986 1303 1134 1384 paludes,
1152 1313 1185 1366 et
1202 1323 1303 1366 rauca

200 1441 227 1474 10
251 1409 368 1494 Cocyti
383 1409 509 1471 fluenta
527 1407 699 1470 nutriunt?
745 1407 892 1470 indidem
908 1407 989 1469 mihi
1005 1407 1046 1469 de
1063 1407 1184 1470 summi
1199 1407 1302 1470 fontis

250 1514 364 1596 penita
386 1512 605 1594 scaturrigine
630 1532 739 1574 rorem
762 1511 927 1593 rigentem
952 1511 1118 1573 hauritum
1142 1511 1206 1574 ista
1228 1532 1303 1573 con-

250 1617 362 1681 festim
390 1617 522 1680 deferes
549 1616 689 1680 urnula'
745 1615 792 1678 sic
817 1615 909 1678 aiens
933 1615 1088 1699 crystallo
1112 1615 1303 1678 dedolatum

250 1721 422 1784 uasculum
438 1720 575 1802 insuper
591 1719 621 1782 ei
637 1719 792 1801 grauiora
808 1719 1010 1782 comminata
1026 1718 1169 1782 tradidit.

279 1863 283 1868 -
296 1845 346 1903 14.
373 1834 407 1887 at
422 1824 478 1886 illa
494 1823 642 1887 studiose
658 1824 799 1905 gradum
815 1823 965 1886 celerans
979 1823 1101 1885 montis
1116 1833 1302 1886 extremum

200 1959 226 2006 15
251 1928 335 2010 petit
354 1928 527 2003 tumulum,
546 1937 635 1990 certe
660 1927 713 1989 uel
736 1926 802 1989 illic
826 1926 1002 1989 inuentura
1026 1925 1114 1988 uitae
1138 1927 1303 2008 pessimae

251 2031 360 2094 finem.
415 2031 474 2094 sed
505 2051 581 2094 cum
612 2029 756 2111 primum
787 2029 949 2112 praedicti
979 2027 1049 2110 iugi
1081 2030 1304 2092 conterminos

251 2135 341 2198 locos
378 2134 515 2217 appulit,
549 2133 641 2196 uidet
671 2133 719 2196 rei
749 2143 866 2196 uastae
899 2133 1031 2196 letalem
1064 2133 1301 2196 difficultatem.

251 2258 395 2320 namque
422 2259 537 2301 saxum
568 2237 706 2299 immani
736 2236 967 2318 magnitudine
998 2257 1173 2318 procerum
1200 2247 1233 2300 et
1260 2238 1305 2298 in-

251 2361 387 2404 accessa
410 2341 600 2404 salebritate
623 2339 787 2403 lubricum
814 2339 932 2402 mediis
958 2359 977 2402 e
1004 2340 1157 2403 iaucibus
1184 2340 1305 2422 lapidis

199 2479 228 2510 ω
251 2445 362 2508 fontes
390 2445 539 2508 horridos
571 2445 757 2518 euomebat‚
782 2443 839 2526 qui
870 2443 981 2506 statim
1010 2443 1105 2525 proni
1132 2445 1305 2507 foraminis

252 2547 379 2610 lacunis
401 2547 480 2611 editi
502 2568 627 2630 perque
647 2547 795 2630 procliue
817 2547 946 2629 delapsi
971 2557 1004 2610 et
1025 2548 1160 2628 angusti
1180 2548 1305 2611 canalis

140 2640 143 2651 Κ
252 2661 364 2715 exarto
389 2651 532 2714 contecti
558 2651 690 2716 tramite
718 2671 914 2734 proxumam
946 2651 1132 2714 conuallem
1164 2652 1306 2716 latenter

251 2756 451 2820 incidebant.
491 2756 606 2819 dextra
617 2757 779 2838 laeuaque
792 2755 944 2819 cautibus
957 2755 1083 2818 canatis
1095 2765 1303 2838 proserpunt,

252 2869 286 2924 et
306 2860 408 2942 longa
426 2860 510 2924 colla
527 2859 671 2942 porrecti
690 2859 782 2922 saeui
798 2861 961 2922 dracones
978 2859 1152 2923 inconiuae
1172 2860 1305 2940 uigiliae

200 2997 228 3046 25
252 2963 431 3028 luminibus
448 2963 587 3032 addictis
607 2972 640 3025 et
659 2963 692 3024 in
715 2973 911 3044 perpetuam
933 2963 1040 3026 lucem
1059 2963 1193 3045 pupulis
1213 2983 1306 3026 excu-

252 3068 416 3131 bantibus.
464 3068 596 3150 iamque
624 3076 657 3130 et
679 3066 771 3148 ipsae
795 3076 919 3130 metum
944 3067 1150 3130 incutiebant
1173 3067 1306 3130 uocales

253 3192 367 3254 aquae.
415 3192 492 3234 nam
517 3181 550 3236 et
567 3171 737 3245 ‘discede’
755 3180 788 3232 et
806 3171 902 3252 ‘quid
919 3171 1022 3235 facis?
1045 3169 1141 3245 vide,’
1159 3181 1192 3232 et
1210 3170 1306 3252 ‘quid
1384 3229 1391 3234 ,

253 3275 346 3358 agis?
363 3273 464 3350 caue,'
482 3283 516 3344 et
533 3275 652 3355 ‘fuge’
675 3283 708 3337 et
725 3273 876 3355 ‘peribis’
894 3274 1034 3337 subinde
1057 3274 1211 3337 clamant.
1259 3274 1306 3337 sic

253 3379 517 3461 impossibilitate
537 3378 611 3460 ipsa
631 3387 758 3440 mutata
777 3377 810 3440 in
830 3377 974 3459 lapidem
1000 3379 1129 3462 Psyche
1153 3377 1306 3460 quamuis

201 3518 230 3564 30
254 3483 422 3566 praesenti
448 3501 587 3564 corpore
615 3481 767 3544 sensibus
794 3491 907 3544 tamen
931 3481 1054 3556 aberat,
1080 3491 1113 3544 et
1136 3481 1308 3546 inextrica-

253 3588 327 3652 bilis
344 3586 481 3670 periculi
497 3587 583 3650 mole
599 3606 735 3668 prorsus
754 3585 873 3649 obruta
892 3586 1112 3650 lacrumarum
1134 3585 1235 3650 etiam
1256 3606 1308 3650 ex·

253 3702 359 3755 tremo
376 3690 497 3754 solacio
513 3690 656 3753 carebat.
