2926 4232
216 325 256 387 28
478 333 689 384 FRAGMENTS
712 334 756 382 or
780 334 905 382 uouau
929 335 1054 384 sarran

555 487 578 538 A
596 488 694 539 misera
707 505 768 539 cure
777 487 828 556 for
840 488 880 539 lis
889 505 978 556 purae.
1019 482 1022 488 ’

215 596 269 660 88.
302 594 356 657 cui
371 615 480 676 neque
497 594 713 656 iumentumst
729 614 791 658 nec
808 615 923 657 seruos
939 614 1000 658 nec
1017 615 1129 658 comes
1145 595 1241 671 ullus,

302 699 437 780 bulgam
463 708 496 760 et
521 698 681 780 quidquid
710 698 811 760 habet
838 718 1048 760 nummorum
1076 719 1189 762 secum
1216 699 1320 764 habet

390 801 470 882 ipse.

302 926 377 968 cum
392 905 493 985 bulga
509 914 615 980 cenat,
633 905 762 980 dormit,
780 905 879 968 lauit:
904 905 1011 968 omnis
1028 905 1061 968 in
1077 916 1176 969 unast

303 1029 380 1091 spes
397 1008 522 1071 homini
538 1008 647 1089 bulga.
694 1008 795 1089 bulga
812 1009 893 1072 haec
910 1010 1066 1073 deuincta
1082 1010 1246 1073 lacertost.

1147 1114 1220 1164 Non.
1234 1111 1277 1178 78.
1291 1127 1307 1181 3

505 1223 507 1230 .
575 1183 616 1252 Of
623 1201 639 1236 α
653 1184 770 1236 volcanic
784 1184 903 1252 eruption
910 1184 949 1254 (l)

213 1294 268 1372 89.
302 1289 444 1354 zonatim
462 1289 585 1352 circum
602 1289 789 1371 inpluuium
806 1289 887 1352 cinis
904 1311 997 1353 rarus
1014 1290 1145 1354 fluebat.

1112 1395 1185 1446 Non.
1202 1394 1257 1463 189.
1272 1408 1315 1462 33.

661 1465 684 1516 A
702 1467 783 1533 leavy
796 1466 865 1518 load.

212 1594 267 1655 9ο.
301 1583 400 1654 q'uern
417 1591 526 1654 neque
546 1571 691 1634 Lucanis
708 1572 838 1634 oriundi
855 1572 1022 1635 montibus
1038 1571 1124 1635 tauri

300 1677 421 1740 ducere
439 1676 567 1758 protelo
583 1675 702 1737 ualidis
719 1676 902 1738 ceruicibus
919 1685 1057 1757 possent
1121 1745 1186 1799 Non
1210 1743 1261 1813 3⁶3
1285 1759 1302 1814 5

551 1850 606 1902 Tre
616 1851 725 1920 festival
738 1851 773 1920 os
784 1853 823 1902 tle
838 1852 986 1920 SlqillrirIa.

212 1979 266 2039 91.
561 2007 566 2019 .
593 2007 599 2019 .
626 2007 632 2019 .
658 1968 862 2020 seruorumst
880 1958 987 2019 festus
1003 1957 1073 2020 dies
1090 1956 1152 2032 hic,

300 2081 399 2145 quem
416 2061 515 2143 plane
532 2062 724 2124 hexametro
741 2081 839 2123 uersu
857 2082 924 2124 non
941 2061 1049 2123 dicere
1066 2060 1184 2142 possis.

889 2162 988 2230 Porph.
1003 2161 1031 2213 in
1046 2163 1113 2214 Hor.
1129 2161 1184 2213 Sat.
1199 2162 1219 2214 I.
1234 2175 1257 2230 ς.
1271 2160 1313 2226 87.

462 2282 514 2334 Tire
527 2281 708 2351 loflyficlions
721 2281 756 2350 os
763 2283 802 2333 the
815 2282 872 2350 epic
884 2282 1066 2351 imuqinalion.

212 2407 266 2470 92.
300 2399 337 2452 ut
353 2385 436 2470 φύγε
451 2388 620 2470 discrepat
636 2407 675 2450 ac
691 2381 745 2446 τὸν
761 2381 795 2446 δὲ
810 2383 991 2468 ἐξήρπαξεν
1005 2383 1202 2448 Ἀπόλλωνέ

888 2487 987 2556 Porph.
1002 2487 1030 2539 in
1044 2489 1112 2541 Hor.
1128 2487 1184 2540 Sat.
1198 2488 1219 2540 1.
1232 2502 1257 2556 9.
1271 2486 1314 2552 78.

646 2637 756 2698 LruER
778 2636 878 2698 VIII.

551 2748 575 2801 A
592 2750 678 2801 sketclr
689 2749 764 2817 from
778 2750 817 2800 tle
831 2749 972 2816 barnyard.

211 2877 266 2939 93.
299 2857 503 2940 gallinaceus
520 2876 596 2919 cum
613 2855 718 2918 uictor
735 2876 770 2917 se
788 2855 894 2935 gallus
912 2856 1052 2918 honeste

301 2960 433 3024 sustulit
449 2960 482 3022 in
499 2959 621 3042 digitos
637 2959 864 3042 primoresque
880 2958 977 3040 erigit
992 2957 1122 3040 unguis.

1110 3057 1183 3108 Non.
1197 3067 1257 3120 4²7·
1271 3068 1314 3121 23.

637 3176 747 3238 LraaR
769 3175 888 3239 VIIIl.

299 3291 346 3344 We
358 3289 453 3343 should
466 3298 517 3354 nol,
531 3289 591 3342 wilh
605 3289 715 3351 Accius,
729 3289 822 3340 double
836 3290 875 3341 lle
889 3288 967 3341 vowel
979 3303 996 3340 a
1009 3288 1080 3339 when
1093 3287 1113 3338 it
1125 3287 1147 3338 is
1160 3288 1232 3355 1099.

212 3418 266 3481 94.
299 3418 319 3460 a
332 3397 516 3480 primumst.
549 3396 627 3459 hinc
639 3395 795 3476 incipiam
807 3404 839 3457 et
850 3415 934 3476 quae
947 3393 1082 3457 nomina
1094 3393 1136 3456 ab
1149 3394 1212 3456 hoc
1225 3401 1312 3455 sunt.

709 3502 726 3536 ἢ
796 3502 813 3535 1

753 3543 770 3577 ἦ

299 3627 319 3670 a
335 3605 478 3689 primum
495 3605 596 3686 longa
611 3602 723 3666 breuis
741 3601 877 3686 syllaba.
926 3623 986 3664 nos
1002 3611 1114 3664 tamen
1132 3619 1234 3663 unum

299 3712 362 3774 hoc
379 3709 540 3772 iaciemus
557 3718 590 3770 et
606 3729 672 3770 uno
690 3707 874 3788 eodemque
891 3715 927 3768 ut
943 3705 1084 3768 diximus
1102 3714 1201 3785 pacto
