2926 4232
552 307 746 358 rmaomvs
769 307 925 358 ananan
1249 302 1290 376 83

236 462 324 526 enim
355 484 409 528 res
438 474 578 540 tanturn,
610 485 696 547 quae
727 465 927 540 uiderentur,
960 465 993 528 in
1028 467 1290 530 controuersiam

235 587 319 644 esse,
337 568 395 630 sed
412 568 511 649 longe
533 569 622 631 aliud
642 569 765 651 quaeri,
784 569 868 652 quod
891 570 924 631 in
948 579 1089 651 utraque
1114 581 1207 651 parte
1232 570 1291 633 sci-

235 671 313 734 licet
329 672 492 735 latrocinii
508 672 653 754 suspicio
674 673 860 736 haberetur.
908 673 973 734 iarn
996 674 1159 755 sequestri
1184 675 1291 755 place-

235 775 325 851 bant,
340 786 373 839 et
389 776 502 839 nescio
518 776 592 858 quis
608 796 649 838 ex
665 776 866 852 cocionibus,
880 777 1006 852 caluus,
1020 777 1290 841 tuberosissimae

196 906 210 952 5
235 879 364 956 frontis,
382 881 439 962 qui
458 880 587 944 solebat
606 880 784 962 aliquando
808 880 907 943 etiam
932 901 1050 944 causas
1074 901 1183 962 agere,
1201 881 1291 944 inva-

236 993 323 1046 serat
349 984 485 1066 pallium
513 983 802 1067 exhibiturumque
833 984 977 1048 crastino
1008 984 1061 1047 die
1093 984 1288 1048 affirmabat.

235 1097 383 1150 ceterum
416 1088 602 1170 apparebat
636 1088 718 1150 nihil
752 1088 842 1151 aliud
876 1088 990 1171 quaeri
1024 1088 1088 1151 nisi
1119 1098 1155 1151 ut
1185 1090 1291 1152 semel

236 1191 388 1272 deposita
411 1191 513 1254 vestis
540 1191 627 1254 inter
654 1192 841 1274 praedones
868 1193 1142 1273 strangularetur,
1168 1202 1202 1256 et
1228 1213 1290 1256 nos

236 1305 327 1357 metu
343 1295 490 1359 criminis
505 1316 573 1358 non
590 1296 781 1359 ueniremus
797 1296 840 1358 ad
856 1296 1083 1360 constitutum.

183 1501 212 1533 ιο
280 1469 368 1533 idem
384 1470 484 1552 plane
500 1479 534 1533 et
549 1491 610 1534 nos
627 1470 829 1534 uolebamus.
869 1469 981 1553 itaque
997 1471 1170 1554 utriusque
1186 1471 1289 1552 partis

236 1583 351 1637 uotum
378 1595 476 1638 casus
503 1573 638 1637 adiuuit.
685 1574 878 1656 indignatus
905 1574 994 1637 enim
1021 1575 1171 1650 rusticus,
1200 1575 1289 1657 quod

237 1699 298 1742 nos
325 1688 501 1741 centonem
529 1678 753 1740 exhibendum
781 1679 1035 1760 postularemus,
1064 1678 1152 1740 misit
1179 1678 1213 1740 in
1243 1679 1289 1740 fa-

237 1783 321 1845 ciem
338 1781 471 1866 Ascylti
486 1781 633 1845 tunicam
650 1791 683 1844 et
700 1781 856 1845 liberatos
873 1782 1020 1864 querella
1039 1781 1133 1845 iussit
1152 1782 1289 1865 pallium

238 1887 415 1967 deponere,
433 1886 522 1967 quod
538 1886 644 1948 solum
662 1885 754 1948 litem
770 1885 915 1948 iaciebat

755 2021 773 2056 1

185 2139 211 2184 15
280 2119 313 2172 et
329 2119 534 2191 recuperato,
553 2119 589 2172 ut
605 2110 815 2191 putabamus
833 2110 990 2174 thesauro
1007 2109 1040 2172 in
1063 2109 1287 2174 deuersorium

237 2213 436 2296 praecipites
452 2213 581 2276 abimus
598 2213 846 2295 praeclusisque
866 2213 994 2276 foribus
1017 2203 1124 2276 ridere
1148 2234 1288 2277 acumen

236 2337 303 2380 non
334 2317 444 2380 minus
474 2316 648 2380 cocionum
679 2338 779 2399 quam
807 2317 1080 2380 calumniantium
1107 2317 1287 2399 coepimus,

236 2421 325 2504 quod
342 2420 439 2484 nobis
455 2420 584 2502 ingenti
600 2420 780 2484 calliditate
797 2421 973 2509 pecuniam
990 2421 1220 2484 reddidissent.
1267 2489 1271 2493 ,

182 2659 207 2712 Α
220 2660 300 2713 series
310 2659 344 2729 os
350 2661 506 2712 adventures
511 2659 617 2728 follows
630 2659 690 2712 with
704 2678 752 2713 one
761 2659 901 2724 Quartilla,
915 2661 997 2713 whom
1010 2662 1067 2728 llep
1076 2661 1129 2712 lod
1137 2660 1288 2728 previously

235 2749 398 2816 interrupted
413 2747 440 2798 in
454 2747 589 2815 sacrifices
604 2756 629 2799 to
641 2747 769 2816 Priapus.
806 2748 886 2799 Later
898 2765 931 2800 oa
946 2749 1003 2814 they
1015 2764 1060 2799 ore
1076 2747 1173 2800 iavited
1188 2756 1212 2800 to
1227 2747 1288 2799 diae

234 2836 292 2887 with
305 2835 473 2897 Trimalchio,
484 2851 501 2886 o
514 2835 569 2886 riclr
575 2834 728 2903 sreedmaa.
763 2833 817 2887 The
830 2835 988 2902 description
998 2834 1032 2903 os
1038 2834 1087 2885 liris
1100 2834 1289 2903 dinaerforms

234 2923 274 2974 the
287 2930 350 2974 most
362 2921 539 2974 considerable
551 2921 586 2990 os
595 2922 634 2974 the
647 2921 764 2990 episodes
777 2921 812 2990 os
821 2922 861 2974 the
874 2929 961 2972 extant
973 2929 1099 2989 excerpts.

278 3071 418 3124 uenerat
448 3061 513 3124 iarn
544 3061 662 3124 tertius
693 3060 773 3136 dies,
802 3061 835 3122 id
866 3070 917 3123 est
948 3060 1133 3141 expectatio
1164 3060 1288 3124 liberae

180 3194 210 3226 ω
234 3185 347 3240 cenae,
366 3165 425 3228 sed
444 3174 494 3228 tot
509 3165 704 3228 uulneribus
721 3164 885 3228 confossis
902 3165 985 3246 fuga
1001 3164 1107 3245 magis
1124 3165 1286 3246 placebat,

234 3289 335 3352 quam
352 3269 453 3351 quies.
502 3269 615 3350 itaque
632 3288 707 3331 curn
725 3267 842 3330 maesti
858 3269 1128 3344 deliberaremus,
1142 3289 1287 3350 quonam

234 3393 357 3455 genere
382 3382 593 3454 praesentem
617 3371 818 3434 euitaremus
844 3373 1032 3453 procellam,
1058 3393 1143 3434 unus
1171 3393 1288 3434 seruus

234 3476 501 3559 Agamemnonis
526 3475 751 3557 interpellauit
776 3475 982 3558 trepidantes
1006 3486 1039 3538 et
1059 3476 1180 3558 ‘quid?
1208 3476 1287 3539 uos'

234 3581 341 3664 inquit
369 3580 532 3656 ‘nescitis
562 3580 660 3642 hodie
692 3580 782 3662 apud
815 3600 913 3662 quem
945 3580 1025 3642 fiat?
1075 3580 1286 3656 Trimalchio,

179 3713 207 3759 ις
233 3685 438 3748 lautissimus
462 3685 570 3760 homo,
595 3683 802 3767 horologium
831 3683 865 3749 in
893 3683 1034 3750 triclinio
1062 3692 1095 3748 et
1120 3683 1289 3749 bucinato-
