2926 4232
212 278 252 346 52
473 275 684 325 FRAGMENTS
707 275 753 324 OF
776 273 902 324 ROMAN
925 273 1050 323 SATIRE

564 449 628 496 rrsr
641 447 768 495 'Monvs
792 448 959 494 MATVLAE

675 554 745 629 ssepi
762 553 846 629 μέθης

624 673 678 727 Tle
686 674 781 752 praire¹
789 675 823 744 of
829 674 902 726 wine.

201 787 263 875 49.
297 793 375 858 υἰηό
391 794 472 858 nihil
489 791 663 858 iuctindius
680 791 853 876 quisquim
870 792 961 856 bibit.

298 900 359 962 hoc
376 897 618 980 ae'gritudinem
636 896 677 960 ld
695 897 891 959 medendam
910 896 1118 972 inutnerunt,

298 1003 359 1066 hoc
377 1001 551 1065 hilaritatis
568 999 665 1064 drilce
682 999 903 1076 seminlrium,

298 1108 359 1170 hoc
376 1105 523 1169 cdntinet
539 1103 715 1187 colgulum
731 1103 894 1168 conuiuia.
1117 1132 1192 1184 Non,
1207 1130 1252 1182 23,
1270 1131 1314 1182 18.

420 1311 498 1364 Even
511 1311 551 1363 lle
563 1311 628 1380 qods
640 1311 786 1363 themselves
798 1311 833 1362 do
845 1319 889 1362 not
901 1309 1008 1362 disdain
1021 1310 1095 1362 wine.

209 1449 263 1509 50.
340 1452 407 1493 non
429 1430 524 1494 uides
545 1429 636 1511 ipsos
658 1430 748 1504 deos,
768 1429 796 1492 si
817 1429 960 1511 quando·
973 1429 1089 1491 uolunt
1111 1437 1246 1509 gustare
1269 1428 1317 1490 ui-

297 1555 386 1609 num,
406 1535 565 1615 derepere
588 1533 629 1595 ad
652 1533 823 1595 hominum
844 1533 925 1595 lana
945 1542 979 1596 et
999 1542 1159 1595 temetum
1181 1531 1245 1612 ipsi
1268 1532 1317 1592 illi

299 1637 420 1702 Libero
437 1637 601 1717 simpuuio
619 1636 773 1700 uinitari?
1098 1664 1174 1716 Non,
1190 1675 1252 1730 544,
1268 1661 1314 1712 26,

660 1908 861 1954 EVMENIDES

192 2075 196 2084 ‚
227 2020 319 2070 Slater
332 2035 377 2070 are
390 2017 538 2087 arranqiny
550 2019 590 2070 tle
604 2018 853 2087 banqmfinqroom,
866 2018 922 2069 and
934 2017 1098 2086 exclanqiny
1111 2016 1295 2085 vituperation.

208 2156 262 2218 51.
298 2137 394 2220 ‘quin
406 2135 486 2198 mihi
496 2133 703 2218 caperratim
713 2145 805 2198 tuam
818 2136 971 2210 frontbm,
985 2135 1138 2210 Strobile‚
1150 2135 1276 2198 omittis
1286 2136 1314 2196 ?'

1144 2238 1217 2288 Non.
1231 2236 1255 2287 8.
1271 2251 1315 2304 32.

208 2351 262 2414 52.
297 2339 314 2395 ‘.
341 2381 347 2395 .
372 2352 461 2394 nunc
478 2331 586 2394 corius
603 2329 729 2392 rilmum
746 2340 823 2393 tuus
842 2329 978 2411 depluit
989 2330 1000 2391 ?
1012 2330 1018 2354 '
1029 2367 1073 2375 -
1084 2336 1091 2361 ‘
1103 2330 1215 2412 pergis
1228 2331 1239 2391 ?
1251 2331 1257 2352 ’
1270 2367 1314 2375 —

385 2434 494 2498 ‘Heia
506 2436 529 2498 !'
966 2447 970 2454 ⁴
1107 2461 1180 2514 Non.
1198 2475 1254 2530 ¹99·
1272 2475 1313 2525 14.

451 2639 503 2691 Tre
516 2640 579 2701 lost,
593 2656 610 2690 a
626 2638 719 2706 Ursule,
728 2655 857 2706 prepares
863 2637 914 2706 for
925 2639 966 2690 bis
977 2648 1072 2708 questi,

208 2776 262 2838 53.
340 2756 429 2839 quod
454 2776 493 2818 ea
519 2754 572 2816 die
597 2775 671 2816 mea
696 2763 767 2816 erat
792 2754 964 2835 praebiti0,
990 2754 1023 2815 in
1049 2754 1182 2816 ianuam
1211 2760 1314 2817 ‘caue

296 2861 432 2924 eanem'
450 2858 584 2921 inscribi
600 2857 705 2920 iubeo.
1097 2885 1172 2936 Non.
1191 2897 1251 2952 152,
1267 2900 1312 2952 3²·

215 3067 288 3129 Wlo,
307 3083 337 3118 as
358 3064 443 3126 usual,
464 3064 541 3115 abuse
561 3062 752 3132 philosophers,
771 3064 827 3114 and
845 3063 950 3114 declara
969 3063 1035 3114 rtem
1054 3063 1091 3114 alt
1109 3063 1179 3128 mad,
1199 3062 1252 3114 like
1271 3064 1313 3114 tlte

635 3159 684 3200 rest
702 3149 737 3216 ⁰f
752 3147 886 3232 mankind.

210 3286 262 3348 54.
298 3265 520 3348 Empedocles
537 3273 634 3327 natos
651 3262 803 3325 homines
819 3282 859 3324 ex
874 3271 962 3324 terra
979 3261 1023 3323 ait
1039 3270 1075 3323 ut
1091 3261 1218 3324 blitum.

1109 3364 1180 3415 Non.
1196 3374 1255 3429 550.
1273 3376 1314 3429 13.

209 3470 263 3533 55.
297 3449 465 3532 postrtmo
482 3467 580 3510 nemo
596 3443 753 3526 aegrbtus
771 3445 947 3526 quicquam
965 3442 1107 3506 s6mniat

296 3565 365 3618 tam
382 3551 566 3625 infindunt,
584 3548 673 3632 quod
689 3569 757 3612 non
773 3546 890 3629 iliquis
907 3547 995 3610 dicat
1012 3545 1241 3628 philosophus.

1116 3648 1191 3700 Non.
1207 3660 1249 3715 55.
1266 3663 1313 3714 32.
