2926 4232
629 342 789 394 LVCILIVS

583 517 694 578 Lmen
717 515 833 578 XXII.

430 642 477 694 An
490 643 593 712 epitopll
607 661 640 696 on
653 644 693 695 ln's
705 644 777 695 slave
790 643 988 712 Metrophanes.

158 764 232 839 136.
266 782 381 826 seruos
394 782 502 844 neque
515 761 636 824 infidus
652 762 786 825 domino
803 783 912 846 neque
929 763 1053 826 inutilis
1069 763 1258 847 quoiquam,

354 865 461 929 Lucili
477 866 662 942 columella,
680 866 732 929 hic
749 866 831 929 situs
851 868 1100 948 Metrophanes.

783 969 858 1021 Don⁴
873 968 902 1020 in
915 969 980 1021 Ter.
994 968 1104 1020 Plorm.
1120 969 1157 1021 ll.
1175 983 1198 1019 1.
1214 981 1257 1037 57.

348 1103 404 1156 roe
416 1103 487 1157 alone
501 1105 639 1173 Zopyrion
652 1122 732 1157 seems
746 1113 770 1158 to
782 1106 846 1157 lone
859 1105 920 1157 been
933 1123 950 1156 o
959 1106 1070 1174 fiqltter.

158 1226 232 1288 137.
353 1210 522 1296 Zopyrion
539 1207 652 1282 labeas
669 1210 778 1274 caedit
794 1211 959 1294 utrimque
978 1231 1082 1274 secus.

1046 1313 1122 1366 Non,
1137 1326 1197 1365 210.
1213 1326 1256 1366 ao.

576 1453 685 1516 Lraan
711 1453 838 1517 XXVI.

282 1574 402 1628 Lucilius
415 1575 507 1644 officis
519 1583 544 1628 to
554 1575 621 1644 seor
633 1576 672 1628 tlte
683 1576 826 1644 judymeot
837 1575 873 1644 os
882 1576 922 1627 tle
934 1584 999 1628 most
1011 1576 1128 1642 learned,

158 1692 232 1766 138.
245 1693 262 1726 *
526 1739 532 1752 .
558 1739 565 1752 .
591 1739 597 1752 .
623 1710 685 1753 nec
701 1689 907 1753 doctissimis.
956 1710 1033 1751 nam
1051 1689 1170 1752 Gaium

266 1793 414 1856 Persium
432 1794 535 1857 haece
551 1794 662 1874 legere
678 1794 764 1869 nolo,
784 1791 915 1855 Iunium
933 1792 1087 1874 Congum
1105 1795 1190 1857 uolo.

937 1893 1007 1946 Plin.
1023 1895 1062 1946 N.
1077 1894 1116 1946 H.
1131 1893 1215 1963 praef.
1230 1908 1257 1960 7.

320 2003 386 2054 And
398 2003 516 2054 declares
529 2003 583 2054 thot
595 2003 626 2054 lte
639 2002 724 2054 writes
737 2001 889 2071 clieflyfor
901 2001 1094 2054 non-Romans.

159 2125 232 2188 139.
310 2105 414 2191 '[nec
432 2129 511 2171 uero
528 2118 564 2170 ut
580 2119 692 2172 noster
713 2109 861 2172 Lucilius
879 2108 1040 2172 recusabo
1061 2129 1127 2191 quo
1148 2107 1258 2170 minus

264 2233 381 2275 omnes
402 2232 476 2274 mea
498 2213 620 2294 legant.
668 2213 794 2275 utinam
815 2222 903 2275 esset
922 2212 976 2275 ille
995 2212 1143 2274 Persius!
1192 2211 1258 2276 Sci-

265 2315 320 2398 pio
337 2335 416 2379 uero
433 2325 466 2379 et
484 2315 628 2378 Rutilius
648 2317 751 2379 multo
773 2316 872 2378 etiarn
893 2315 1017 2397 magis;
1042 2336 1182 2398 quorum
1203 2315 1258 2378 ille

264 2419 421 2482 iudicium
437 2421 660 2484 reformidans
673 2421 864 2484 Tarentinis
881 2420 926 2484 ait
942 2441 978 2483 se
994 2430 1027 2483 et
1044 2419 1258 2483 Consentinis

217 2549 230 2604 5
266 2534 299 2587 et
315 2524 435 2589 Siculis
452 2525 603 2588 scribere.
652 2525 761 2588 facete
778 2525 805 2587 is
822 2525 955 2607 quidem
975 2524 1060 2588 sicut
1079 2524 1151 2586 alia.
1199 2524 1258 2587 sed

265 2649 373 2711 neque
389 2639 458 2692 tam
475 2629 563 2692 docti
579 2639 649 2692 tum
668 2640 772 2705 erant,
793 2629 835 2692 ad
857 2650 996 2711 quorum
1018 2628 1173 2691 iudicium
1195 2630 1259 2692 ela-

264 2732 406 2808 boraret,
432 2743 465 2796 et
493 2741 571 2796 sunt
597 2733 684 2796 illius
712 2733 836 2815 scripta
863 2733 996 2807 leuiora,
1024 2742 1060 2794 ut
1088 2733 1258 2796 urbanitas

265 2856 395 2898 summa
410 2847 579 2919 appareat,
598 2837 749 2901 doctrina
764 2836 947 2900 mediocris.
1022 2888 1080 2944 cic.
1095 2890 1160 2943 Μ,
1175 2893 1198 2944 1·
1212 2891 1255 2962 3⁸]
1303 2877 1307 2883 ·

492 3021 548 3073 But
559 3021 591 3074 lte
604 3021 689 3074 writes
699 3021 775 3090 from
787 3022 828 3073 ne
841 3022 922 3088 leont,

159 3145 231 3204 14⁰·
527 3177 533 3190 .
560 3177 566 3190 .
592 3177 598 3190 .
624 3129 687 3210 ego
703 3127 760 3190 ubi
776 3148 875 3210 quem
891 3148 931 3192 ex
947 3127 1149 3210 praecordiis

263 3231 376 3294 ecfero
393 3229 527 3295 uersirm
552 3281 558 3294 .
584 3281 591 3294 .
617 3280 624 3294 .
1047 3260 1122 3312 Non,
1137 3270 1198 3327 ²97·
1215 3270 1251 3323 ¹4

327 3415 392 3468 And
405 3433 480 3468 cares
493 3416 602 3486 nollinp
613 3416 663 3485 sor
675 3416 862 3486 opportunities
875 3425 898 3470 to
911 3416 975 3486 φαίη
988 3417 1088 3483 toenitii,

158 3540 230 3598 141.
265 3521 462 3604 priblicanus
479 3525 557 3587 ue'ro
574 3535 610 3587 ut
626 3525 731 3588 Asiae
747 3505 827 3587 nim
844 3523 1077 3606 scripturirius

263 3625 325 3709 pro
343 3627 479 3703 Lucilio,
499 3626 531 3690 ld
548 3648 611 3709 ego
628 3628 714 3704 nolo,
732 3638 765 3690 et
781 3626 847 3691 uno
864 3629 928 3692 hoc
945 3649 1012 3691 non
1029 3637 1120 3691 muto
1136 3625 1255 3690 omnia.

934 3731 1009 3784 N011·
1025 3728 1132 3801 ³51·⁶;
1153 3742 1197 3799 37·
1211 3743 1255 3796 33·
