2926 4232
455 309 667 358 FRAGMENTS
690 309 736 358 OF
759 309 885 358 ROMAN
909 309 1034 358 SATIRE

374 465 576 548 frugalitatis
592 466 666 547 lege
684 466 786 547 poliat
801 476 926 530 exacta.

374 589 436 633 nec
453 580 546 634 curet
561 570 628 634 alto
644 570 770 651 regiam
786 579 913 634 trucem
931 570 1024 634 uultu

373 673 520 738 cliensue
537 693 637 736 cenas
653 673 886 755 impotentium
903 683 1025 756 captet,

373 797 436 842 nec
452 777 590 859 perditis
606 776 758 840 addictus
775 777 893 840 obruat
910 777 988 841 uino

374 881 495 944 mentis
511 881 664 955 calorem,
681 901 768 943 neue
784 881 919 962 plausor
935 881 968 943 in
986 901 1141 944 scaenam

373 985 488 1054 sedeat
504 985 696 1065 redemptus
713 984 880 1048 histrionis
896 985 938 1046 ad
955 985 1065 1048 rictus.

330 1089 389 1152 sed
406 1089 475 1152 siue
492 1088 676 1169 armigerae
693 1087 801 1150 rident
817 1088 998 1150 Tritonidis
1015 1108 1118 1164 arces,

261 1239 263 1244 ,
330 1212 388 1255 seu
407 1191 672 1255 Lacedaemonio
688 1191 787 1253 tellus
804 1190 952 1254 habitata
968 1191 1086 1254 colono

331 1295 528 1360 Sirenumue
545 1295 671 1367 domus,
689 1294 745 1357 det
762 1294 886 1375 primos
902 1294 1053 1358 uersibus
1070 1315 1176 1358 annos

331 1399 589 1480 Maeoniumque
606 1398 697 1461 bibat
713 1398 803 1461 felici
819 1408 953 1480 pectore
970 1399 1106 1470 fontem.

329 1523 405 1566 mox
421 1513 454 1566 et
471 1502 641 1567 Socratico
658 1503 777 1583 plenus
793 1522 897 1583 grege
914 1502 1023 1566 mittat
1040 1503 1188 1566 habenas

329 1607 412 1670 liber
427 1617 460 1670 et
476 1607 621 1688 ingentis
638 1606 764 1688 quatiat
782 1606 1020 1669 Demosthenis
1037 1627 1137 1668 arma.

329 1711 407 1774 hinc
426 1713 578 1773 Romana
594 1731 712 1772 manus
729 1710 934 1772 circumfluat
951 1720 983 1772 et
1000 1711 1099 1774 modo
1116 1709 1216 1774 Graio

328 1824 506 1878 exonerata
522 1835 603 1877 sono
621 1824 726 1876 mutet
742 1814 871 1876 suffusa
887 1833 1050 1894 saporem.

328 1919 494 1982 interdum
512 1917 675 1980 subducta
693 1918 765 1981 foro
782 1919 838 1980 det
854 1917 977 1998 pagina
993 1937 1126 1980 cursum

329 2033 362 2086 et
378 2023 513 2085 fortuna
530 2032 624 2084 sonet
640 2021 739 2084 celeri
755 2021 911 2083 distincta
927 2031 1039 2086 meatu

328 2127 409 2189 dent
424 2127 541 2207 epulas
558 2135 590 2188 et
606 2125 693 2188 bella
709 2125 794 2187 truci
810 2134 992 2187 memorata
1008 2145 1130 2188 canore

328 2230 534 2311 grandiaque
551 2229 701 2291 indomiti
717 2228 886 2292 Ciceronis
903 2229 1005 2291 uerba
1021 2229 1172 2292 minetur.

328 2334 380 2396 his
396 2334 543 2395 animum
560 2332 718 2413 succinge
734 2331 847 2394 bonis:
871 2332 917 2395 sic
935 2331 1070 2396 flumine
1087 2333 1180 2415 largo

189 2471 218 2502 ω
328 2438 447 2520 plenus
464 2437 570 2499 Pierio
586 2437 751 2499 defundes
767 2445 901 2517 pectore
917 2437 1039 2499 uerba'

189 2653 336 2722 Encolpius
348 2652 440 2704 breaks
452 2668 529 2719 away
533 2651 608 2719 from
620 2653 660 2702 tle
672 2651 819 2702 discussion
832 2660 856 2702 to
868 2652 962 2703 search
973 2650 1023 2720 for
1035 2651 1163 2719 Ascyltos,
1177 2653 1231 2706 wlco
1244 2653 1286 2704 har

240 2740 418 2808 mysteriorum
427 2740 610 2807 disappecred.
644 2738 686 2790 He
699 2739 821 2790 succeeds
834 2739 982 2808 infindinq
991 2739 1051 2801 tim,
1062 2738 1208 2807 aflersome
1220 2740 1291 2808 diffi-

240 2829 318 2896 culty,
329 2829 372 2879 but
381 2827 447 2878 luter
457 2827 575 2895 quorrels
586 2826 643 2877 will
654 2827 705 2877 lim
719 2844 751 2877 on
765 2834 874 2877 account
884 2825 1052 2894 ofjealousy,
1063 2827 1158 2895 though
1172 2844 1188 2878 a
1201 2844 1290 2878 recou-

239 2915 356 2967 cr'liation
367 2916 388 2965 is
394 2914 493 2982 finally
503 2913 620 2982 effected.
655 2913 709 2965 Tne
718 2913 828 2981 friends
838 2914 891 2964 tad
900 2914 983 2965 sewed
996 2913 1049 2964 into
1062 2913 1102 2965 tlte
1114 2930 1198 2965 seems
1211 2915 1246 2982 of
1254 2932 1290 2965 nn

239 3003 283 3054 old
298 3002 370 3053 tunic
386 3003 423 3052 ull
440 3001 505 3052 tlteir
520 3018 616 3068 money,
633 3002 688 3052 and
705 3001 764 3052 then
781 3001 835 3052 lad
851 3001 899 3052 lost
916 3001 955 3052 ue
973 2999 1044 3052 tunic
1063 3000 1089 3051 in
1107 3001 1148 3052 tlte
1164 3010 1290 3066 counlrm

239 3091 282 3140 hut
301 3089 358 3156 they
375 3089 429 3139 lac
448 3088 476 3138 in
493 3105 562 3140 some
580 3089 673 3156 degree
692 3087 768 3138 mode
788 3105 823 3154 up
843 3088 908 3138 their
925 3087 976 3139 loss
995 3087 1026 3154 by
1042 3087 1181 3156 capturinq
1200 3105 1217 3138 u
1230 3088 1290 3156 fine

239 3176 322 3238 cloch,
343 3175 422 3226 ulie-n
441 3176 498 3242 tbey
517 3193 573 3227 now
592 3191 702 3243 propose
723 3183 747 3226 to
766 3175 814 3226 sell
835 3175 862 3225 in
882 3175 921 3226 tlte
942 3175 1042 3226 mordet
1061 3183 1086 3225 lo
1105 3174 1175 3226 raise
1189 3175 1287 3243 funds.

237 3262 317 3315 Their
329 3263 488 3330 unexpecled
502 3279 604 3313 success
622 3263 650 3312 in
667 3263 707 3313 tle
725 3278 845 3328 recooery
857 3261 892 3329 os
904 3262 944 3313 tlte
958 3261 1081 3330 precluus
1098 3261 1170 3313 tunic
1188 3261 1259 3330 afler
1272 3279 1289 3313 u

238 3350 343 3420 quarrel
352 3350 410 3401 toiri
421 3350 460 3401 tlte
471 3359 527 3400 true
537 3365 635 3400 owners
645 3348 679 3417 os
686 3350 726 3400 tlte
739 3349 816 3401 cloclc
829 3348 851 3399 is
864 3349 917 3400 told
930 3348 957 3399 iu
970 3349 1010 3400 tlte
1015 3347 1156 3417 following
1166 3366 1288 3417 passage.

283 3495 335 3542 12.
361 3476 577 3540 ueniebamus
601 3476 633 3537 in
658 3477 768 3538 forum
792 3475 966 3538 deficiente
990 3475 1054 3537 iam
1078 3475 1141 3551 die,
1165 3475 1198 3537 in
1223 3496 1288 3558 quo

238 3581 427 3644 notauimus
455 3581 677 3660 frequentiam
709 3600 818 3642 rerum
850 3579 1027 3654 uenalium,
1056 3600 1123 3642 non
1154 3579 1287 3661 quidem

239 3685 458 3768 pretiosarum
475 3683 533 3743 sed
550 3693 661 3744 tamen
679 3703 818 3763 quarum
836 3683 934 3744 fidem
954 3683 1039 3744 male
1061 3682 1287 3746 ambulantem
