2934 4236
104 327 110 340 ·
206 305 266 372 ¹42
466 301 677 354 runcumrs
699 303 745 354 os
768 303 894 353 noum
917 303 1044 353 sanna

255 457 451 540 flagrantiae
464 459 542 523 solis
555 460 685 523 obsistit
696 460 836 524 inimici:
856 460 940 524 alius
953 461 1014 524 sub
1031 447 1134 525 oculis
1149 462 1310 526 dominae

256 563 429 645 speculum
448 563 612 646 progeriti
638 584 753 628 currus
771 563 900 645 biiuges
919 563 975 627 alii
994 566 1183 628 subnatant.
1210 629 1213 634 ,
1229 568 1310 630 talis

256 666 298 728 ad
315 666 489 732 Oceanum
506 677 702 751 pergentem
718 669 885 732 Venerem
902 669 1077 732 comitatur
1092 670 1266 732 exercitus.

300 789 353 846 32.
379 769 506 834 interea
527 771 657 855 Psyche
676 792 751 835 cum
771 793 831 835 sua
850 771 912 835 sibi
930 773 1108 855 perspicua
1126 774 1310 854 pulchritu-

218 901 231 948 5
256 874 333 938 dine
352 875 479 937 nullum
498 875 626 938 decoris
646 876 696 938 sui
715 877 860 939 fructum
879 876 1028 959 percipit.
1078 887 1249 959 spectatur
1266 879 1309 940 ab

256 977 418 1054 omnibus,
436 978 590 1042 laudatur
613 979 655 1042 ab
678 979 840 1056 omnibus,
858 1000 920 1044 nec
944 979 1128 1063 quisquam,
1147 1002 1215 1044 non
1240 1002 1307 1058 rex,

255 1101 323 1145 non
339 1082 460 1164 regius,
477 1102 539 1146 nec
556 1082 598 1146 de
614 1083 712 1164 plebe
729 1083 847 1146 saltem
863 1083 1001 1165 cupiens
1022 1084 1094 1148 eius
1113 1085 1309 1166 nuptiarum

256 1186 377 1269 petitor
407 1186 541 1250 accedit.
604 1187 765 1250 mirantur
795 1187 929 1270 quidem
963 1187 1111 1251 diuinam
1147 1190 1307 1270 speciem,

256 1290 315 1353 sed
331 1300 367 1353 ut
384 1290 596 1354 simulacrum
614 1291 709 1354 fabre
726 1290 866 1373 politum
883 1291 1044 1354 mirantur
1060 1313 1184 1355 omnes.
1228 1293 1308 1356 olim

204 1421 232 1454 10
255 1394 341 1457 duae
364 1393 505 1457 maiores
529 1415 667 1471 sorores,
690 1415 830 1477 quarum
854 1405 1073 1478 temperatam
1097 1397 1309 1460 formonsita-

254 1507 322 1560 tem
343 1498 425 1559 nulli
446 1499 660 1562 diffamarant
681 1499 805 1581 populi,
826 1499 936 1580 procis
959 1499 1094 1581 regibus
1117 1500 1308 1582 desponsae

255 1601 321 1664 iam
351 1601 466 1664 beatas
497 1603 632 1685 nuptias
662 1611 739 1664 aaut
769 1604 931 1684 adeptae:
963 1604 1022 1666 sed
1054 1604 1183 1688 Psyche
1211 1605 1309 1686 uirgo

254 1705 355 1768 uidua
374 1705 464 1768 domi
484 1706 633 1769 residens
655 1707 755 1770 deflet
776 1707 942 1770 desertam
964 1728 1058 1770 suam
1081 1708 1306 1784 solitudinem,

254 1828 356 1890 aegra
375 1810 531 1890 corporis,
549 1810 651 1873 animi
670 1810 799 1887 saucia;
824 1821 857 1874 et
877 1811 1030 1893 quamuis
1051 1811 1206 1892 gentibus
1227 1814 1308 1876 totis

184 1923 229 1987 Δις
255 1914 486 1995 complacitam
512 1913 580 1977 odit
603 1914 636 1976 in
661 1935 696 1979 se
719 1935 813 1976 suam
840 1915 1113 1978 formonsitatem.
1169 1917 1229 1978 sed
1261 1917 1310 1978 in-

254 2018 537 2082 fortunatissimae
558 2018 644 2081 filiae
663 2018 866 2082 miserrimus
890 2029 994 2100 pater,
1012 2019 1211 2101 suspectatis
1235 2041 1309 2084 cae-

254 2121 391 2186 lestibus
425 2123 509 2186 odiis
539 2133 573 2185 et
603 2122 671 2185 irae
706 2142 863 2204 superum
897 2117 1058 2199 metuens,
1091 2123 1145 2186 dei
1182 2125 1308 2187 Milesii

254 2227 516 2289 uetustissimum
544 2235 758 2307 percontatur
782 2226 961 2303 oraculum,
988 2238 1021 2290 et
1047 2237 1141 2291 tanto
1168 2230 1308 2292 numine

254 2331 407 2411 precibus
435 2341 467 2392 et
495 2330 637 2393 uictimis
665 2330 815 2412 ingratae
841 2331 963 2413 uirgini
992 2331 1076 2414 petit
1106 2333 1241 2414 nuptias
1272 2345 1308 2395 et

202 2465 230 2496 ω
254 2435 417 2496 maritum.
476 2434 689 2515 sedAp0110,
713 2455 915 2517 quamquam
940 2437 1088 2500 Graecus
1111 2447 1144 2498 et
1170 2437 1307 2500 Ionicus
1338 2472 1345 2489 ·

254 2547 390 2620 propter
408 2538 559 2601 Milesiae
575 2538 790 2614 conditorem,
807 2539 853 2602 sic
872 2539 992 2602 Latina
1008 2549 1095 2603 sorte
1112 2541 1306 2622 respondit:

254 2707 307 2765 33.
340 2687 455 2750 moretis
471 2686 507 2748 iu
522 2685 638 2750 eeeelar'
652 2688 780 2775 scopulo
796 2697 830 2750 tu
847 2687 922 2750 siste
934 2688 1081 2773 puellam

384 2799 531 2854 ornatam
547 2790 666 2854 mundo
673 2790 811 2870 funerei
826 2787 971 2854 thalami.

339 2916 397 2958 reee
411 2915 519 2979 operer
530 2915 684 2976 porterum
700 2893 830 2958 mortali
845 2895 944 2980 stirpe
962 2905 1113 2970 ereatura,

200 3035 228 3081 25
383 2999 440 3062 red
455 3019 589 3062 saeuum
605 3007 698 3084 atque
710 2997 825 3082 ferum
839 2997 1067 3085 uipereumque
1084 2999 1213 3074 molum,

340 3102 397 3188 qui
406 3101 526 3188 peonio
542 3102 684 3166 uolitans
701 3123 798 3188 super
814 3086 955 3178 aethera,
972 3113 1086 3166 cuneta
1094 3103 1232 3185 fetebat,

382 3205 579 3291 flammaque
596 3215 627 3270 et
632 3205 728 3286 ferro
744 3206 874 3289 simpulo
889 3206 1045 3270 debilitat.

340 3310 393 3374 eui
408 3309 515 3372 tremit
530 3309 599 3394 ipae
614 3309 716 3384 Ioula,
734 3332 793 3396 quo
809 3310 945 3374 numine
961 3310 1190 3394 terrr'fleurrtur,

326 3455 327 3458 =
382 3412 588 3499 fluminaque
606 3412 791 3478 horresceret
807 3424 837 3477 et
853 3412 986 3498 Stypiae
1003 3413 1159 3477 tenebrae.

195 3581 229 3656 '30
252 3597 309 3641 rex
332 3575 410 3640 olim
433 3575 559 3650 beatus
585 3576 691 3638 affatu
719 3586 854 3639 sanctae
881 3575 1126 3638 uaticinationis
1154 3585 1302 3656 accepto,

253 3682 371 3762 pigens
395 3679 563 3760 tristisque
586 3688 673 3742 retro
697 3679 832 3742 domum
856 3679 973 3761 pergit,
999 3699 1145 3762 suaeque
1169 3679 1304 3760 coniugi
