2934 4236
196 287 257 352 134
457 283 668 333 FRAGMENTS
690 283 735 334 ΟΕ
759 283 885 334 ROMAN
909 283 1037 334 SATIRE

462 439 557 502 iussit
572 449 606 502 et
622 440 731 522 ipsum
748 458 836 502 noua
855 440 1029 504 Romanae
1070 449 1073 454 '

462 543 534 606 iura
549 542 674 607 securis
689 553 831 606 tremere
848 543 1031 608 Oceanum.

461 647 581 711 deflete
597 647 714 723 uirum,
732 667 798 729 quo
814 667 882 710 non
898 647 982 712 alius

461 750 569 833 potuit
584 750 681 814 citius
696 751 823 815 discere
839 771 967 828 causas,

461 876 529 918 una
544 864 673 948 tantum
691 864 785 937 parte
802 855 924 932 audita,

461 979 561 1040 saepe
578 979 620 1022 ne
637 968 720 1022 utra.
767 959 841 1042 quis
857 980 947 1023 nunc
963 960 1062 1024 iudex

461 1072 531 1126 toto
547 1063 622 1126 lites
638 1062 751 1126 audiet
766 1063 878 1126 anno?

461 1166 521 1230 tibi
537 1166 602 1229 iam
619 1167 714 1230 cedet
730 1167 809 1230 sede
825 1167 949 1243 relicta,

462 1271 519 1352 qui
534 1271 591 1335 dat
608 1271 731 1351 populo
748 1270 818 1333 iura
834 1271 954 1347 silenti,

463 1375 603 1438 Cretaea
619 1385 737 1437 tenens
753 1374 877 1457 oppida
892 1384 1036 1439 centum.

463 1478 590 1541 caedite
607 1478 743 1541 maestis
761 1487 896 1559 pectora
912 1479 1041 1560 palmis,

464 1603 483 1644 o
500 1582 665 1656 causidici,
684 1583 802 1645 uenale
819 1601 935 1662 genus.

464 1706 590 1767 uosque
607 1695 726 1766 poetae
742 1686 854 1766 lugete
870 1685 957 1761 noui,

464 1809 591 1870 uosque
608 1790 640 1851 in
658 1789 771 1870 primis
787 1789 844 1871 qui
859 1809 1021 1854 concusso

195 1922 223 1970 1⁵
465 1913 587 1973 magna
604 1893 745 1973 parastis
760 1893 851 1956 lucra
867 1893 1001 1956 fritillo)

250 2120 300 2176 13.
327 2100 553 2164 delectabatur
568 2100 721 2163 laudibus
745 2101 813 2164 suis
833 2101 992 2166 Claudius
1008 2110 1042 2164 et
1058 2101 1213 2183 cupiebat
1230 2101 1300 2164 diu-

247 2205 311 2269 tius
346 2215 506 2286 spectare.
562 2204 653 2267 inicit
683 2204 729 2266 illi
761 2193 895 2267 manum
926 2204 1126 2290 Talthybius
1157 2205 1298 2268 deorum

251 2307 422 2393 [nuntius]
443 2319 476 2371 et
498 2308 599 2384 trahit
622 2307 730 2390 capite
754 2309 920 2385 obuolut0,
939 2329 981 2372 ne
1005 2309 1078 2391 quis
1098 2329 1174 2372 eum
1190 2310 1300 2391 possit

247 2433 439 2494 agnoscere,
464 2432 523 2494 per
546 2433 700 2494 campum
726 2412 895 2488 Martium,
920 2413 1063 2484 etinter
1089 2413 1237 2476 Tiberim
1264 2425 1300 2478 et

193 2551 223 2583 ω
246 2519 334 2580 uiam
365 2527 485 2580 tectam
518 2516 690 2579 descendit
721 2515 763 2578 ad
794 2516 928 2580 inferos.
976 2527 1201 2581 antecesserat
1231 2517 1297 2580 iam

247 2621 493 2704 compendiaria
513 2619 691 2682 Narcissus
713 2619 850 2682 libertus
871 2620 914 2682 ad
936 2630 1113 2703 patronum
1133 2621 1298 2703 excipien-

246 2727 325 2789 dum
349 2736 382 2788 et
405 2723 552 2787 uenienti
575 2723 708 2799 nitidus,
734 2732 770 2786 ut
793 2732 864 2786 erat
887 2744 907 2786 a
929 2724 1071 2800 baline0,
1096 2724 1239 2788 occurrit
1263 2735 1298 2788 et

246 2831 310 2892 ait:
336 2829 432 2911 ‘quid
449 2828 482 2891 di
498 2828 540 2890 ad
557 2827 708 2890 homines
720 2828 749 2890 ?’
798 2828 968 2892 ‘celerius’
985 2828 1092 2911 inquit
1109 2829 1297 2892 Mercurius

247 2940 298 2996 ‘et
323 2933 436 2996 uenire
461 2953 523 2995 nos
548 2930 684 2994 nuntia!
731 2931 820 2996 dicto
844 2933 940 2996 citius
969 2933 1147 2996 Narcissus
1174 2935 1294 2997 euolat.

193 3069 220 3116 ας
245 3037 356 3100 omnia
380 3035 539 3118 procliuia
563 3045 650 3111 sunt,
668 3035 766 3098 facile
786 3036 1007 3099 descenditur.
1055 3036 1166 3119 itaque
1183 3058 1296 3119 quam-

245 3141 295 3204 uis
323 3139 524 3223 podagricus
552 3149 649 3214 esset,
678 3149 847 3203 momento
878 3140 1039 3222 temporis
1070 3141 1222 3222 peruenit
1253 3141 1295 3203 ad

245 3246 378 3308 ianuam
404 3244 501 3319 Ditis,
520 3243 576 3305 ubi
599 3243 728 3307 iaccbat
752 3244 916 3308 Cerberus
940 3244 993 3306 uel
1012 3253 1049 3306 ut
1067 3245 1112 3307 ait
1135 3245 1296 3308 Horatius

246 3349 361 3412 ‘belua
378 3345 566 3428 centiceps!
613 3347 770 3429 pusillum
787 3348 1229 3430 perturbatur—subalbam
1246 3369 1297 3412 ca-

244 3474 321 3516 nem
338 3453 371 3515 in
389 3451 513 3514 deliciis
530 3451 652 3514 habere
666 3452 917 3533 adsueuerat—
927 3462 963 3514 ut
979 3452 1070 3514 illum
1083 3452 1165 3515 uidit
1178 3472 1295 3514 canem

191 3593 221 3638 30
244 3558 387 3639 nigrum,
412 3555 576 3630 uillosum,
602 3575 683 3618 sane
706 3576 773 3618 non
797 3575 896 3638 quem
920 3555 1003 3618 uelis
1024 3555 1084 3618 tibi
1100 3555 1295 3618 intenebris

245 3681 425 3728 occurrere.
473 3670 506 3724 et
536 3679 659 3743 magna
686 3679 768 3724 uoce
793 3659 988 3727 ‘Claudius'
1013 3659 1119 3744 inquit
1144 3659 1293 3723 ‘ueniet'
