2934 4236
629 310 800 360 APVLEIVS
1207 313 1266 380 175

214 469 305 545 uiuit,
326 488 388 532 nec
410 466 546 532 Charon
566 466 622 530 ille
642 477 677 530 et
699 466 786 530 Ditis
808 477 912 551 pater,
932 477 1046 531 tantus
1069 467 1162 542 deus,
1180 466 1267 550 quic-

215 594 314 656 quam
333 572 478 654 gratuito
497 571 587 648 facit,
605 581 656 635 set
674 570 819 634 moriens
838 591 968 654 pauper
986 571 1144 635 uiaticum
1168 571 1268 634 debet

215 696 384 760 quaerere,
409 685 443 740 et
467 696 525 740 aes
549 675 577 738 si
603 677 689 739 forte
712 695 793 758 prae
816 696 918 738 manu
941 696 1009 739 non
1033 677 1143 753 fuerit,
1168 698 1267 742 nemo
1295 700 1298 706 ·

214 801 291 844 eum
311 780 463 863 expirare
486 779 639 862 patietur.
687 779 764 843 huic
788 780 939 862 squalido
963 780 1035 844 seni
1058 783 1153 846 dabis
1176 785 1268 848 nauli

175 916 190 964 5
214 884 348 949 nomine
375 885 417 947 de
444 884 585 966 stipibus
612 903 695 966 quas
722 884 811 946 feres
838 884 986 960 alteram,
1016 887 1062 950 sic
1090 897 1203 952 tamen
1231 899 1268 951 ut

215 989 286 1072 ipse
311 1009 372 1052 sua
395 1009 496 1050 manu
519 988 561 1051 de
584 997 642 1051 tuo
665 995 775 1050 sumat
801 1007 866 1051 ore.
922 1008 985 1052 nec
1009 991 1111 1054 setius
1135 992 1268 1074 tibi·pi-

215 1113 311 1174 grum
335 1092 496 1156 fluentum
521 1091 739 1155 transmeanti
762 1093 897 1175 quidam
922 1106 1143 1178 supernatans
1167 1117 1268 1160 senex

216 1206 365 1260 mortuus
391 1195 498 1279 putris
525 1196 691 1260 adtollens
718 1217 837 1260 manus
869 1199 977 1262 orabit
1007 1210 1044 1263 ut
1075 1221 1150 1263 eum
1181 1201 1268 1264 intra

215 1301 386 1384 nauigium
405 1302 528 1364 trahas.
575 1321 637 1365 nec
656 1311 692 1364 tu
715 1311 829 1366 tamen
853 1303 978 1367 inlicita
1001 1304 1179 1368 adflectare
1203 1305 1269 1386 pie-

164 1415 292 1472 rotate.
378 1425 430 1486 19.
469 1405 610 1469 transito
644 1405 746 1469 fluuio
780 1407 947 1471 modicum
985 1417 1019 1470 te
1057 1428 1268 1490 progressam

215 1509 370 1572 textrices
386 1509 528 1572 orabunt
544 1529 628 1572 anus
646 1509 747 1572 telam
769 1519 937 1574 struentes
958 1531 1078 1574 manus
1099 1512 1269 1594 paulisper

216 1613 466 1677 accommodes:
506 1633 568 1676 nec
599 1612 632 1676 id
664 1622 777 1676 tamen
808 1613 868 1676 tibi
898 1615 1093 1697 contingere
1124 1616 1177 1678 fas
1208 1626 1266 1684 est.

216 1737 294 1780 nam
317 1718 400 1781 haec
424 1717 535 1780 omnia
557 1716 618 1780 tibi
640 1727 674 1780 et
697 1717 801 1780 multa
824 1718 889 1780 alia
913 1717 954 1781 de
975 1718 1117 1782 Veneris
1141 1719 1269 1783 insidiis

216 1823 371 1899 orientur,
389 1832 425 1886 ut
441 1823 494 1885 uel
511 1843 612 1884 unam
629 1821 670 1884 de
686 1821 840 1884 manibus
859 1821 992 1884 omittas
1012 1823 1160 1886 offulam.
1207 1844 1269 1888 nec

164 1957 192 2006 ¹⁵
216 1936 314 2009 putes
326 1927 422 1990 futile
432 1926 520 1990 istud
533 1925 757 2008 polentacium
770 1925 930 1988 damnum
942 1927 1024 1990 leue.
1065 1927 1169 1990 altera
1181 1928 1269 1991 enim

217 2031 346 2112 perdita
367 2031 422 2093 lux
442 2031 525 2094 haec
549 2030 608 2093 tibi
631 2050 767 2112 prorsus
790 2029 1019 2112 denegabitur.
1066 2032 1158 2094 canis
1181 2052 1270 2095 nam-

217 2155 281 2217 que
297 2135 516 2218 praegrandis
532 2134 661 2216 teriugo
678 2143 711 2197 et
728 2134 808 2197 satis
825 2135 936 2216 amplo
958 2135 1066 2216 capite
1088 2136 1269 2217 praeditus,

216 2239 371 2302 immanis
394 2249 428 2302 et
450 2238 677 2315 formidabilis,
703 2239 896 2302 tonantibus
921 2238 1090 2302 oblatrans
1117 2240 1270 2303 faucibus

217 2353 365 2407 mortuos
388 2343 507 2426 quibus
531 2343 596 2406 iam
616 2343 662 2405 nil
686 2342 764 2405 mali
783 2351 893 2424 potest
913 2343 1025 2406 facere
1041 2343 1166 2406 frustra
1181 2345 1271 2406 terri·

164 2481 193 2514 ω
216 2448 318 2511 tando
335 2458 412 2511 ante
428 2448 538 2530 ipsum
554 2447 655 2510 limen
671 2456 705 2510 et
721 2456 793 2509 atra
809 2446 893 2509 atria
908 2447 1126 2528 Proserpinae
1139 2467 1271 2530 semper

217 2553 383 2617 excubans
407 2563 518 2616 seruat
541 2571 681 2615 uacuam
707 2550 795 2613 Ditis
819 2549 963 2613 domum.
1016 2551 1105 2614 hunc
1129 2552 1271 2614 offrena-

215 2667 287 2722 tum
303 2659 400 2721 unius
417 2659 541 2722 offulae
558 2657 682 2740 praeda
698 2656 796 2720 lacile
815 2654 1020 2737 praeteribis,
1038 2655 1081 2717 ad
1096 2655 1270 2738 ipsamque

165 2787 171 2792 ·
216 2762 367 2844 protinus
385 2762 618 2843 Proserpinam
634 2760 794 2836 introibis,
813 2779 898 2842 quae
919 2768 953 2822 te
975 2759 1112 2822 comiter
1130 2759 1271 2841 excipiet

216 2887 255 2930 ac
276 2867 420 2949 benigne
439 2876 476 2930 ut
494 2877 528 2929 et
547 2865 689 2928 molliter
708 2863 854 2927 assidere
876 2873 910 2926 et
932 2863 1109 2945 prandium
1133 2863 1269 2945 opipare

164 2999 192 3046 ας
217 2971 355 3036 suadeat
385 2991 523 3036 sumere.
587 2972 645 3035 sed
676 2981 713 3036 tu
744 2981 778 3036 et
809 2970 904 3033 humi
934 2967 1052 3044 reside,
1085 2978 1118 3030 et
1148 2987 1269 3048 panem

217 3075 385 3139 sordidum
402 3075 542 3158 petitum
561 3085 642 3139 esto.
682 3075 802 3140 deinde
823 3073 976 3137 nuntiato
996 3071 1076 3154 quid
1096 3071 1270 3134 adueneris

217 3190 438 3263 susceptoque
454 3181 543 3264 quod
563 3182 723 3245 offeretur
742 3200 855 3244 rursus
877 3197 1032 3242 remeans
1053 3175 1144 3239 canis
1168 3176 1270 3238 saeui-

216 3285 295 3348 tiam
312 3284 417 3348 offula
432 3285 559 3368 reliqua
574 3285 709 3362 redime,
727 3304 766 3348 ac
782 3283 902 3347 deinde
919 3303 1020 3346 auaro
1040 3279 1173 3342 nauitae
1192 3279 1270 3341 data

216 3409 316 3471 quam
332 3409 565 3453 reseruaueras
582 3391 676 3472 stipe,
691 3388 897 3471 transitoque
914 3387 984 3450 eius
1002 3385 1103 3448 fluuio
1120 3384 1270 3446 recolens

163 3477 200 3564 36-
216 3493 326 3575 priora
341 3494 483 3576 uestigia
502 3493 544 3556 ad
563 3494 663 3558 istum
683 3492 876 3558 caelestium
900 3491 1046 3554 siderum
1066 3489 1174 3554 redies
1195 3487 1271 3550 cho-

216 3616 298 3660 rum.
346 3599 405 3661 sed
424 3598 509 3661 inter
525 3597 636 3660 omnia
657 3598 720 3661 hoc
741 3595 987 3660 obseruandum
1010 3593 1189 3675 praecipue
1211 3592 1271 3655 tibi

216 3720 408 3777 conseque
428 3699 511 3764 uelis
533 3700 661 3782 aperire
682 3699 736 3764 uel
756 3699 922 3782 inspicere
945 3697 1033 3760 illam
1058 3717 1157 3780 quam
1182 3697 1270 3760 teres
