2934 4236
618 181 787 234 lrvrarvs
1195 171 1249 236 161

175 337 349 403 farreatis
377 341 506 423 nuptiis
530 339 738 423 coniugabo.'
786 351 819 404 et
844 341 954 406 statim
980 341 1137 428 Zephyro
1162 359 1254 424 prae·

174 441 268 524 cipit
285 445 381 506 ultra
396 444 560 508 terminos
575 465 629 508 me
645 444 763 508 domus
779 445 850 509 eius
866 444 1013 510 efflaret)

225 565 288 626 27.
317 547 468 611 necdum
485 568 674 612 sermonem
692 549 820 634 Psyche
836 549 974 626 finierat,
986 557 1022 611 at
1037 549 1092 612 illa
1108 569 1253 613 uesanae

176 651 342 716 libidinis
359 663 394 716 et
410 652 556 716 inuidiae
572 652 690 717 noxiae
706 652 846 717 stimulis
862 653 996 736 agitata,
1013 653 1108 717 ualre
1123 653 1254 716 concin-

139 781 153 828 ⁵
178 766 272 820 nato
286 757 469 820 mendacio
485 757 607 820 fallens
624 757 777 821 maritum
794 757 889 840 quasi
900 757 942 822 de
959 767 1064 822 morte
1078 769 1252 840 parentum

180 860 321 943 aliquid
338 859 556 943 conperisset,
575 860 686 924 statim
702 881 823 926 nauem
842 861 1000 926 ascendit
1047 873 1080 925 et
1099 861 1142 926 ad
1161 861 1252 924 illum

184 966 374 1046 scopulum
392 964 546 1046 protinus
563 964 680 1046 pergit,
698 975 740 1042 et,
758 965 911 1049 quamuis
931 965 996 1030 alio
1017 977 1118 1030 uento
1142 965 1252 1043 flante,

184 1089 297 1132 caeca
319 1089 382 1150 spe
403 1079 518 1132 tamen
539 1068 681 1146 inhians,
700 1069 833 1152 ‘accipe
854 1069 927 1146 me,'
948 1070 1070 1144 dicens,
1093 1069 1252 1152 ‘Cupido

187 1173 336 1254 dignam
357 1183 392 1236 te
411 1172 597 1255 coniugem,
615 1183 650 1237 et
667 1183 714 1250 tu,
732 1173 896 1260 Zephyre,
914 1173 1046 1256 suscipe
1063 1173 1252 1248 dominam,'

134 1298 163 1328 10
190 1279 284 1340 saltu
317 1297 354 1340 se
385 1276 529 1340 maximo
560 1277 776 1360 praecipitem
808 1277 906 1342 dedit.
968 1297 1030 1342 nec
1064 1287 1176 1341 tamen
1212 1278 1254 1341 ad

192 1381 290 1443 illum
308 1381 431 1457 locum,
448 1381 503 1444 uel
522 1381 639 1445 saltem
659 1391 798 1457 mortua,
819 1381 994 1464 peruenire
1013 1382 1128 1464 potuit.
1176 1403 1253 1445 nam

196 1505 259 1566 per
282 1505 365 1548 saxa
388 1484 534 1548 cautium
559 1485 715 1548 membris
738 1485 868 1549 iactatis
892 1495 991 1568 atque
1015 1485 1192 1567 dissipatis,
1210 1497 1253 1562 et,

196 1588 341 1671 proinde
365 1597 402 1652 ut
424 1588 622 1666 merebatur,
643 1589 795 1652 laceratis
819 1589 1001 1652 uisceribus
1025 1589 1101 1664 suis,
1123 1590 1255 1654 alitibus

195 1693 383 1774 bestiisque
410 1691 545 1755 obuium
572 1693 685 1756 lerens
713 1692 882 1774 pabulum,
908 1692 1039 1756 interiit.
1094 1713 1156 1757 nec
1187 1693 1255 1756 uin-

143 1827 173 1872 15
196 1794 310 1860 dict‘ae
337 1795 508 1878 sequentis
534 1817 644 1878 poena
670 1796 823 1860 tardauit.
879 1816 957 1859 nam
985 1798 1114 1882 Psyche
1141 1817 1255 1861 rursus

197 1900 389 1964 errabundo
416 1899 522 1980 gradu
549 1900 702 1982 peruenit
729 1900 771 1962 ad
798 1899 967 1963 ciuitatem
995 1901 1102 1977 aliam,
1127 1900 1161 1963 in
1189 1923 1255 1984 qua

198 2004 273 2086 pari
300 2003 401 2066 modo
428 2023 521 2067 soror
546 2004 737 2068 morabatur
764 2003 836 2066 alia.
890 2024 952 2068 nec
984 2004 1087 2067 setius
1118 2014 1151 2067 et
1182 2005 1255 2086 ipsa

199 2107 334 2170 fallacie
365 2107 594 2189 germanitatis
624 2107 761 2172 inducta
791 2117 825 2170 et
855 2106 888 2169 in
919 2107 1040 2170 sororis
1077 2108 1255 2171 sceleratas

198 2211 337 2294 nuptias
367 2210 498 2274 aemula
528 2211 701 2275 festinauit
731 2211 774 2275 ad
805 2211 988 2294 scopulum,
1017 2211 1118 2295 inque
1149 2211 1255 2274 simile

148 2347 175 2378 ω
199 2315 318 2378 mortis
340 2314 475 2378 exitium
498 2315 625 2379 cecidit.

246 2421 301 2484 28.
326 2417 457 2481 interim
473 2419 552 2482 dum
570 2419 700 2504 Psyche
719 2419 917 2502 quaesitioni
934 2419 1108 2502 Cupidinis
1127 2418 1255 2482 intenta

202 2522 346 2604 populos
369 2521 571 2599 circumibat,
596 2533 631 2586 at
657 2522 712 2586 ille
739 2523 877 2586 uulnere
900 2523 1057 2586 lucernae
1080 2523 1197 2586 dolens
1221 2522 1255 2584 in

202 2625 277 2708 ipso
297 2625 444 2690 thalamo
465 2627 580 2690 matris
603 2627 716 2690 iacens
739 2626 940 2708 ingemebat.
986 2636 1066 2690 tunc
1090 2626 1161 2689 auis
1185 2647 1256 2708 per-

203 2730 280 2792 alba
296 2729 352 2792 illa
367 2730 474 2812 gauia‚
492 2752 578 2813 quae
598 2730 835 2814 superductus
854 2730 999 2793 marinos
1019 2730 1130 2813 pinnis
1152 2740 1253 2806 natat,

148 2865 179 2912 25
203 2833 369 2916 demergit
387 2853 460 2897 sese
480 2853 622 2917 propere
642 2835 685 2898 ad
705 2834 834 2899 Oceani
854 2835 1060 2916 profundum
1081 2833 1253 2916 gremium.

202 2937 250 3000 ibi
265 2938 475 3000 commodum
487 2939 655 3002 Venerem
671 2939 839 3001 lauantem
859 2948 1099 3020 natantemque
1119 2947 1255 3020 propter

203 3040 373 3118 assistens,
405 3041 530 3104 indicat
560 3042 715 3104 adustum
746 3041 848 3104 filium
880 3041 951 3106 eius
982 3042 1078 3124 graui
1108 3041 1255 3104 uulneris

204 3145 318 3208 dolore
344 3153 558 3221 maerentem,
587 3145 724 3207 dubium
752 3145 866 3208 salutis
893 3145 1010 3222 iacere,
1036 3146 1169 3229 iamque
1196 3167 1257 3228 per

203 3258 398 3312 cunctorum
414 3269 473 3312 ora
488 3249 687 3331 populorum
707 3249 893 3312 rumoribus
912 3251 1137 3333 conuiciisque
1156 3250 1256 3312 uariis

150 3385 180 3430 30
204 3373 337 3419 omnem
349 3352 492 3417 Veneris
508 3353 669 3416 familiam
685 3353 772 3416 male
788 3353 911 3429 audire,
928 3354 1035 3436 ‘quod
1051 3354 1106 3417 ille
1122 3353 1255 3436 quidem

204 3467 364 3525 montano
381 3467 536 3534 scortatu,
553 3468 590 3521 tu
606 3478 685 3520 uero
704 3457 833 3520 marino
852 3467 968 3520 natatu
989 3455 1199 3531 secesseritis,
1217 3476 1257 3518 ac

204 3581 266 3645 per
288 3561 351 3625 hoc
374 3581 442 3625 non
465 3562 620 3644 uoluptas
643 3561 719 3638 ulla,
744 3581 812 3624 non
836 3560 953 3642 gratia,
977 3579 1045 3621 non
1069 3559 1172 3639 lepos
1197 3558 1257 3621 sed

285 3675 361 3712 rehu.
374 3675 467 3713 SAT.—
477 3675 503 3712 11
1044 3675 1047 3680 '
