2934 4236
217 311 275 375 132
476 305 686 354 FRAGMENTS
709 307 754 354 OF
778 307 904 355 ROMAN
928 308 1052 356 SATIRE

380 458 462 546 ῥῖψε
483 457 583 526 ποδὸς
607 459 750 541 τεταγὼν
772 459 840 524 ἀπὸ
864 461 975 541 βηλοῦ
998 459 1196 540 θεσπεσίοιο,

265 630 298 685 et
316 620 419 684 iratus
435 621 498 684 luit
514 622 605 683 uxori
621 631 654 684 et
671 621 845 703 suspendit
860 621 969 686 illam:
994 625 1155 706 numquid
1172 625 1318 688 occidit?

263 735 301 788 tu
319 725 543 801 Messalinam,
558 725 651 788 cuius
668 745 772 808 aeque
789 727 974 789 auunculus
991 727 1094 790 maior
1107 748 1195 790 eram
1215 750 1317 810 quam

264 839 350 905 tuus,
368 828 525 892 occidisti.
574 829 715 892 “nescio
727 829 743 853 '⁸
761 829 879 912 inquis.
927 830 961 892 di
981 830 1041 893 tibi
1062 833 1146 894 male
1169 832 1317 896 faciant:

226 965 240 1012 5
265 933 348 996 adeo
372 933 455 995 istuc
478 933 608 1013 turpius
632 942 692 1009 est,
717 933 806 1015 quod
830 933 974 1010 nescisti,
995 955 1095 1016 quam
1119 937 1209 1017 quod
1233 937 1318 999 occi-

264 1037 349 1099 disti.
398 1037 432 1100 C.
452 1037 630 1100 Caesarem
654 1057 720 1099 non
745 1036 841 1099 desiit
864 1047 1031 1101 mortuum
1053 1040 1216 1122 persequi.
1265 1061 1317 1103 oc-

264 1140 388 1204 ciderat
418 1140 472 1203 ille
504 1160 672 1204 socerum:
708 1140 760 1203 hic
788 1151 821 1204 et
848 1161 1020 1222 generum.
1069 1143 1172 1206 Gaius
1201 1143 1317 1206 Crassi

264 1245 366 1306 filium
390 1245 495 1308 uetuit
519 1245 683 1326 Magnum
706 1246 836 1308 uocari:
869 1246 923 1330 hic
945 1266 1068 1309 nomen
1092 1247 1138 1309 illi
1161 1248 1314 1325 reddidit,

264 1358 365 1430 caput
387 1349 469 1411 tulit.
517 1348 637 1412 occidit
663 1349 697 1411 in
725 1370 792 1412 una
819 1350 918 1412 domo
944 1351 1111 1426 Crassum,
1138 1353 1314 1432 Magnum,

213 1487 241 1518 10
265 1452 481 1528 Scriboniam,
520 1451 726 1528 Tristionias,
763 1453 991 1527 Assarionem,
1027 1455 1155 1518 nobiles
1190 1465 1314 1532 tamen,

265 1558 423 1621 Crassum
451 1577 531 1619 uero
561 1566 630 1619 tam
661 1557 800 1633 fatuum,
828 1567 865 1620 ut
894 1557 992 1620 etiam
1017 1578 1161 1639 regnare
1188 1571 1313 1640 posset.

264 1661 353 1723 hunc
376 1681 465 1723 nunc
489 1660 588 1723 deum
611 1661 723 1724 facere
746 1661 868 1725 uultis?
907 1661 1018 1725 uidete
1037 1682 1159 1744 corpus
1175 1663 1246 1726 eius
1264 1665 1316 1727 dis

264 1763 355 1827 iratis
376 1774 501 1828 natum.
548 1764 591 1827 ad
611 1785 785 1841 summam,
801 1765 864 1828 tria
885 1765 988 1828 uerba
1004 1765 1069 1829 cito
1085 1766 1182 1842 dicat,
1200 1777 1233 1829 et
1249 1788 1316 1830 ser-

264 1889 342 1931 uum
367 1889 419 1931 me
443 1868 551 1931 ducat.
599 1869 687 1931 hunc
711 1869 809 1931 deum
835 1869 909 1951 quis
935 1870 1043 1932 colet?
1076 1870 1149 1952 quis
1177 1872 1315 1934 credet?

213 2004 239 2050 15
264 1973 342 2034 dum
377 1973 460 2041 tales
493 1973 573 2035 deos
604 1972 721 2048 facitis,
755 1993 852 2035 nemo
884 1993 944 2036 uos
974 1973 1054 2036 deos
1084 1994 1157 2037 esse
1189 1977 1312 2038 credet.

264 2097 394 2139 summa
416 2076 472 2151 rei,
490 2097 520 2158 p.
539 2097 576 2151 c.,
595 2075 623 2138 si
646 2077 784 2139 honeste
806 2097 854 2138 me
878 2076 963 2140 inter
982 2095 1042 2141 uos
1066 2077 1163 2157 gessi,
1182 2079 1209 2141 si
1233 2079 1316 2141 nulli

264 2180 383 2243 clarius
406 2179 573 2261 respondi,
592 2180 757 2243 uindicate
781 2180 915 2243 iniurias
937 2201 1036 2244 meas.
1085 2201 1147 2262 ego
1164 2203 1224 2262 pro
1242 2203 1316 2246 sen-

263 2283 368 2347 tentia
391 2305 464 2347 mea
488 2285 550 2347 hoc
574 2285 730 2347 censeo:'
755 2294 855 2366 atque
878 2283 924 2346 ita
944 2305 984 2347 ex
1004 2285 1126 2374 tabella
1143 2285 1315 2349 recitauit:

266 2387 417 2470 ‘quando
442 2387 574 2470 quidem
599 2387 696 2450 diuus
721 2387 879 2452 Claudius
904 2388 1022 2470 occidit
1047 2408 1197 2452 socerum
1216 2410 1314 2452 suum

212 2519 241 2551 ω
264 2492 415 2573 Appium
448 2491 607 2566 Silanum,
636 2511 778 2572 generos
809 2492 892 2554 duos
921 2493 1085 2572 Magnum
1119 2494 1314 2574 Pompeium

264 2605 297 2658 et
329 2596 366 2658 L.
401 2595 560 2670 Silanum,
594 2615 744 2658 socerum
776 2597 862 2658 filiae
893 2616 972 2658 suae
1005 2595 1161 2660 Crassum
1199 2598 1313 2678 Frugi,

265 2699 432 2762 hominem
455 2708 524 2760 tam
546 2699 684 2760 similem
703 2699 765 2762 sibi
781 2720 880 2781 quam
898 2719 961 2762 ouo
978 2721 1087 2776 ouum,
1106 2700 1314 2764 Scriboniam

264 2824 394 2866 socrum
420 2803 505 2864 filiae
530 2823 619 2878 suae,
644 2823 779 2866 uxorem
805 2823 899 2865 suam
927 2804 1142 2866 Messalinam
1170 2814 1203 2866 et
1230 2815 1316 2868 cete-

263 2927 318 2968 ros
353 2927 492 2989 quorum
527 2927 684 2969 numerus
719 2906 793 2969 iniri
827 2927 894 2969 non
933 2907 1049 2988 potuit,
1085 2909 1194 2990 placet
1232 2909 1315 2971 mihi

213 3041 240 3088 25
264 3009 297 3071 in
317 3030 393 3072 eum
415 3031 530 3072 seuere
552 3011 771 3073 animaduerti
788 3031 850 3073 nec
869 3009 915 3073 illi
934 3031 1043 3074 rerum
1062 3011 1314 3074 iudicandarum

264 3113 471 3176 uacationem
504 3114 575 3176 dari
607 3134 748 3196 eumque
781 3135 881 3196 quam
912 3114 1054 3195 primum
1081 3115 1246 3196 exportari
1281 3127 1315 3178 et

264 3217 356 3280 caelo
381 3217 467 3279 intra
491 3217 628 3298 triginta
652 3218 723 3281 dies
749 3218 917 3293 excedere,
943 3219 1089 3302 Olympo
1115 3219 1201 3281 intra
1225 3219 1314 3282 diem

264 3319 417 3382 tertium'

308 3423 449 3504 pedibus
480 3425 513 3486 in
545 3426 630 3488 hanc
662 3425 862 3488 sententiam
893 3425 975 3488 itum
1006 3435 1065 3489 est.
1116 3446 1178 3489 nec
1210 3447 1312 3502 mora,

212 3558 241 3604 30
266 3527 436 3610 Cyllenius
460 3529 551 3589 illum
576 3529 660 3590 collo
680 3530 809 3591 obtorto
825 3529 925 3591 trahit
946 3526 1005 3612 [ad
1022 3527 1165 3614 inferos]
1185 3550 1204 3592 a
1221 3531 1313 3594 caelo

442 3680 536 3742 ‘illue
552 3684 641 3746 unde
658 3694 784 3765 negant
799 3685 907 3748 redire
923 3687 1144 3768 quemquam.¹
1170 3689 1178 3706 ⁸
1229 3725 1232 3728 -
