<?xml version="1.0" encoding="UTF-8"?>
<!DOCTYPE html PUBLIC "-//W3C//DTD XHTML 1.0 Transitional//EN"
    "http://www.w3.org/TR/xhtml1/DTD/xhtml1-transitional.dtd">
<html xmlns="http://www.w3.org/1999/xhtml" xml:lang="en" lang="en">
 <head>
  <title>
</title>
<meta http-equiv="Content-Type" content="text/html;charset=utf-8" />
  <meta name='ocr-system' content='tesseract 3.04.00' />
  <meta name='ocr-capabilities' content='ocr_page ocr_carea ocr_par ocr_line ocrx_word'/>
</head>
<body>
  <div class='ocr_page' id='page_1' title='image "./fragmentsromans01unkngoog_0177.png"; bbox 0 0 2934 4236; ppageno 0'>
   <div class='ocr_carea' id='block_1_1' title="bbox 220 333 1057 402">
    <p class='ocr_par' dir='ltr' id='par_1_1' title="bbox 220 333 1057 402">
     <span class='ocr_line' id='line_1_1' title="bbox 220 333 1057 402; baseline 0.001 -19"><span class='ocrx_word' id='word_1_1' title='bbox 220 334 280 402; x_wconf 90' lang='lat'>170</span> <span class='ocrx_word' id='word_1_2' title='bbox 480 333 691 384; x_wconf 75' lang='lat' dir='ltr'>mounurs</span> <span class='ocrx_word' id='word_1_3' title='bbox 713 333 759 384; x_wconf 77' lang='lat' dir='ltr'>or</span> <span class='ocrx_word' id='word_1_4' title='bbox 780 333 907 384; x_wconf 75' lang='lat' dir='ltr'>noum</span> <span class='ocrx_word' id='word_1_5' title='bbox 930 333 1057 384; x_wconf 75' lang='lat' dir='ltr'>snrmu</span> 
     </span>
    </p>
   </div>
   <div class='ocr_carea' id='block_1_2' title="bbox 208 488 1320 3796">
    <p class='ocr_par' dir='ltr' id='par_1_2' title="bbox 208 488 1320 3796">
     <span class='ocr_line' id='line_1_2' title="bbox 268 488 1320 574; baseline 0.006 -24"><span class='ocrx_word' id='word_1_6' title='bbox 268 497 301 550; x_wconf 93' lang='lat' dir='ltr'>et</span> <span class='ocrx_word' id='word_1_7' title='bbox 324 488 433 571; x_wconf 90' lang='lat' dir='ltr'>capite</span> <span class='ocrx_word' id='word_1_8' title='bbox 458 500 682 572; x_wconf 91' lang='lat' dir='ltr'>conquassato</span> <span class='ocrx_word' id='word_1_9' title='bbox 701 489 848 572; x_wconf 89' lang='lat' dir='ltr'>grauiter</span> <span class='ocrx_word' id='word_1_10' title='bbox 868 489 994 572; x_wconf 86' lang='lat' dir='ltr'>affligit.</span> <span class='ocrx_word' id='word_1_11' title='bbox 1041 500 1075 554; x_wconf 88' lang='lat' dir='ltr'>et</span> <span class='ocrx_word' id='word_1_12' title='bbox 1094 501 1232 574; x_wconf 88' lang='lat' dir='ltr'>accepto</span> <span class='ocrx_word' id='word_1_13' title='bbox 1254 492 1320 556; x_wconf 82' lang='lat' dir='ltr'>fru-</span> 
     </span>
     <span class='ocr_line' id='line_1_3' title="bbox 267 589 1319 676; baseline 0.007 -23"><span class='ocrx_word' id='word_1_14' title='bbox 267 601 380 655; x_wconf 92' lang='lat' dir='ltr'>mento</span> <span class='ocrx_word' id='word_1_15' title='bbox 400 602 434 656; x_wconf 88' lang='lat' dir='ltr'>et</span> <span class='ocrx_word' id='word_1_16' title='bbox 450 593 578 670; x_wconf 78' lang='lat' dir='ltr'>hordeo</span> <span class='ocrx_word' id='word_1_17' title='bbox 599 589 633 657; x_wconf 79' lang='lat' dir='ltr'>et</span> <span class='ocrx_word' id='word_1_18' title='bbox 656 593 745 657; x_wconf 93' lang='lat' dir='ltr'>milio</span> <span class='ocrx_word' id='word_1_19' title='bbox 764 603 799 658; x_wconf 88' lang='lat' dir='ltr'>et</span> <span class='ocrx_word' id='word_1_20' title='bbox 815 615 984 676; x_wconf 90' lang='lat' dir='ltr'>papauere</span> <span class='ocrx_word' id='word_1_21' title='bbox 1003 605 1037 658; x_wconf 88' lang='lat' dir='ltr'>et</span> <span class='ocrx_word' id='word_1_22' title='bbox 1055 595 1161 660; x_wconf 92' lang='lat' dir='ltr'>cicere</span> <span class='ocrx_word' id='word_1_23' title='bbox 1179 606 1214 660; x_wconf 91' lang='lat' dir='ltr'>et</span> <span class='ocrx_word' id='word_1_24' title='bbox 1230 596 1319 660; x_wconf 93' lang='lat' dir='ltr'>lente</span> 
     </span>
     <span class='ocr_line' id='line_1_4' title="bbox 267 697 1320 781; baseline 0.003 -23"><span class='ocrx_word' id='word_1_25' title='bbox 267 705 301 759; x_wconf 93' lang='lat' dir='ltr'>et</span> <span class='ocrx_word' id='word_1_26' title='bbox 316 697 396 759; x_wconf 85' lang='lat' dir='ltr'>faba</span> <span class='ocrx_word' id='word_1_27' title='bbox 411 697 663 780; x_wconf 89' lang='lat' dir='ltr'>commixtisque</span> <span class='ocrx_word' id='word_1_28' title='bbox 683 697 873 774; x_wconf 90' lang='lat' dir='ltr'>aceruatim,</span> <span class='ocrx_word' id='word_1_29' title='bbox 891 698 1040 762; x_wconf 85' lang='lat' dir='ltr'>confusis</span> <span class='ocrx_word' id='word_1_30' title='bbox 1060 699 1095 761; x_wconf 90' lang='lat' dir='ltr'>in</span> <span class='ocrx_word' id='word_1_31' title='bbox 1118 719 1222 764; x_wconf 90' lang='lat' dir='ltr'>unum</span> <span class='ocrx_word' id='word_1_32' title='bbox 1243 720 1320 781; x_wconf 90' lang='lat' dir='ltr'>gru-</span> 
     </span>
     <span class='ocr_line' id='line_1_5' title="bbox 267 799 1319 866; baseline 0.003 -3"><span class='ocrx_word' id='word_1_33' title='bbox 267 802 393 864; x_wconf 91' lang='lat' dir='ltr'><strong>mulum</strong></span> <span class='ocrx_word' id='word_1_34' title='bbox 416 801 462 864; x_wconf 92' lang='lat' dir='ltr'>sic</span> <span class='ocrx_word' id='word_1_35' title='bbox 485 801 527 864; x_wconf 91' lang='lat' dir='ltr'>ad</span> <span class='ocrx_word' id='word_1_36' title='bbox 550 799 659 864; x_wconf 91' lang='lat' dir='ltr'>illam:</span> <span class='ocrx_word' id='word_1_37' title='bbox 688 801 829 864; x_wconf 85' lang='lat' dir='ltr'>‘uideris</span> <span class='ocrx_word' id='word_1_38' title='bbox 852 801 941 864; x_wconf 91' lang='lat' dir='ltr'>enim</span> <span class='ocrx_word' id='word_1_39' title='bbox 965 801 1046 864; x_wconf 92' lang='lat' dir='ltr'>mihi</span> <span class='ocrx_word' id='word_1_40' title='bbox 1068 812 1136 865; x_wconf 89' lang='lat' dir='ltr'>tam</span> <span class='ocrx_word' id='word_1_41' title='bbox 1159 803 1319 866; x_wconf 81' lang='lat' dir='ltr'>deformis</span> 
     </span>
     <span class='ocr_line' id='line_1_6' title="bbox 228 904 1319 980; baseline 0.004 -14"><span class='ocrx_word' id='word_1_42' title='bbox 228 934 242 980; x_wconf 86' lang='lat'>5</span> <span class='ocrx_word' id='word_1_43' title='bbox 267 905 385 968; x_wconf 88' lang='lat' dir='ltr'>ancilla</span> <span class='ocrx_word' id='word_1_44' title='bbox 402 905 492 968; x_wconf 94' lang='lat' dir='ltr'>nullo</span> <span class='ocrx_word' id='word_1_45' title='bbox 509 904 581 980; x_wconf 93' lang='lat' dir='ltr'>alio,</span> <span class='ocrx_word' id='word_1_46' title='bbox 600 905 659 968; x_wconf 88' lang='lat' dir='ltr'>sed</span> <span class='ocrx_word' id='word_1_47' title='bbox 675 914 806 968; x_wconf 91' lang='lat' dir='ltr'>tantum</span> <span class='ocrx_word' id='word_1_48' title='bbox 823 905 940 968; x_wconf 93' lang='lat' dir='ltr'>sedulo</span> <span class='ocrx_word' id='word_1_49' title='bbox 957 905 1137 969; x_wconf 91' lang='lat' dir='ltr'>ministerio</span> <span class='ocrx_word' id='word_1_50' title='bbox 1153 917 1319 970; x_wconf 90' lang='lat' dir='ltr'>amatores</span> 
     </span>
     <span class='ocr_line' id='line_1_7' title="bbox 266 1007 1320 1092; baseline 0.001 -21"><span class='ocrx_word' id='word_1_51' title='bbox 266 1018 341 1071; x_wconf 95' lang='lat' dir='ltr'>tuos</span> <span class='ocrx_word' id='word_1_52' title='bbox 369 1008 568 1090; x_wconf 90' lang='lat' dir='ltr'>promereri:</span> <span class='ocrx_word' id='word_1_53' title='bbox 601 1007 666 1070; x_wconf 95' lang='lat' dir='ltr'>iam</span> <span class='ocrx_word' id='word_1_54' title='bbox 693 1028 774 1090; x_wconf 91' lang='lat' dir='ltr'>ergo</span> <span class='ocrx_word' id='word_1_55' title='bbox 801 1018 835 1072; x_wconf 88' lang='lat' dir='ltr'>et</span> <span class='ocrx_word' id='word_1_56' title='bbox 862 1008 935 1090; x_wconf 92' lang='lat' dir='ltr'>ipsa</span> <span class='ocrx_word' id='word_1_57' title='bbox 962 1011 1095 1091; x_wconf 79' lang='lat' dir='ltr'>frugem</span> <span class='ocrx_word' id='word_1_58' title='bbox 1119 1019 1211 1073; x_wconf 93' lang='lat' dir='ltr'>tuam</span> <span class='ocrx_word' id='word_1_59' title='bbox 1236 1010 1320 1092; x_wconf 87' lang='lat' dir='ltr'>peri-</span> 
     </span>
     <span class='ocr_line' id='line_1_8' title="bbox 267 1112 1319 1196; baseline 0.001 -20"><span class='ocrx_word' id='word_1_60' title='bbox 267 1113 412 1176; x_wconf 90' lang='lat' dir='ltr'>clitabor.</span> <span class='ocrx_word' id='word_1_61' title='bbox 459 1112 611 1176; x_wconf 86' lang='lat' dir='ltr'><strong>discerne</strong></span> <span class='ocrx_word' id='word_1_62' title='bbox 639 1112 803 1175; x_wconf 91' lang='lat' dir='ltr'>seminum</span> <span class='ocrx_word' id='word_1_63' title='bbox 831 1112 969 1176; x_wconf 92' lang='lat' dir='ltr'>istorum</span> <span class='ocrx_word' id='word_1_64' title='bbox 1000 1113 1170 1195; x_wconf 90' lang='lat' dir='ltr'>passiuam</span> <span class='ocrx_word' id='word_1_65' title='bbox 1200 1134 1319 1196; x_wconf 88' lang='lat' dir='ltr'>conge·</span> 
     </span>
     <span class='ocr_line' id='line_1_9' title="bbox 266 1216 1319 1300; baseline 0.003 -22"><span class='ocrx_word' id='word_1_66' title='bbox 266 1217 356 1292; x_wconf 89' lang='lat' dir='ltr'>riem,</span> <span class='ocrx_word' id='word_1_67' title='bbox 382 1216 587 1299; x_wconf 86' lang='lat' dir='ltr'>singulisque</span> <span class='ocrx_word' id='word_1_68' title='bbox 611 1216 726 1298; x_wconf 91' lang='lat' dir='ltr'>granis</span> <span class='ocrx_word' id='word_1_69' title='bbox 753 1216 814 1279; x_wconf 91' lang='lat' dir='ltr'>rite</span> <span class='ocrx_word' id='word_1_70' title='bbox 842 1216 1012 1299; x_wconf 85' lang='lat' dir='ltr'>dispositis</span> <span class='ocrx_word' id='word_1_71' title='bbox 1034 1227 1135 1300; x_wconf 89' lang='lat' dir='ltr'>atque</span> <span class='ocrx_word' id='word_1_72' title='bbox 1160 1217 1319 1300; x_wconf 83' lang='lat' dir='ltr'>seiugatis</span> 
     </span>
     <span class='ocr_line' id='line_1_10' title="bbox 266 1320 1317 1404; baseline 0.001 -21"><span class='ocrx_word' id='word_1_73' title='bbox 266 1330 343 1383; x_wconf 92' lang='lat' dir='ltr'>ante</span> <span class='ocrx_word' id='word_1_74' title='bbox 366 1320 464 1383; x_wconf 91' lang='lat' dir='ltr'>istam</span> <span class='ocrx_word' id='word_1_75' title='bbox 488 1340 666 1404; x_wconf 90' lang='lat' dir='ltr'>uesperam</span> <span class='ocrx_word' id='word_1_76' title='bbox 690 1341 775 1402; x_wconf 91' lang='lat' dir='ltr'>opus</span> <span class='ocrx_word' id='word_1_77' title='bbox 799 1320 990 1402; x_wconf 89' lang='lat' dir='ltr'>expeditum</span> <span class='ocrx_word' id='word_1_78' title='bbox 1012 1321 1196 1404; x_wconf 90' lang='lat' dir='ltr'>approbato</span> <span class='ocrx_word' id='word_1_79' title='bbox 1215 1321 1317 1384; x_wconf 86' lang='lat' dir='ltr'>mihi’</span> 
     </span>
     <span class='ocr_line' id='line_1_11' title="bbox 214 1423 1319 1508; baseline 0.004 -22"><span class='ocrx_word' id='word_1_80' title='bbox 214 1425 312 1487; x_wconf 84' lang='lat' dir='ltr'>10le</span> <span class='ocrx_word' id='word_1_81' title='bbox 343 1425 512 1506; x_wconf 90' lang='lat' dir='ltr'>assignato</span> <span class='ocrx_word' id='word_1_82' title='bbox 543 1433 712 1494; x_wconf 87' lang='lat' dir='ltr'>tantorum</span> <span class='ocrx_word' id='word_1_83' title='bbox 743 1423 908 1489; x_wconf 89' lang='lat' dir='ltr'>seminum</span> <span class='ocrx_word' id='word_1_84' title='bbox 942 1425 1076 1488; x_wconf 93' lang='lat' dir='ltr'>cumulo</span> <span class='ocrx_word' id='word_1_85' title='bbox 1107 1424 1180 1508; x_wconf 87' lang='lat' dir='ltr'>ipsa</span> <span class='ocrx_word' id='word_1_86' title='bbox 1215 1445 1319 1492; x_wconf 86' lang='lat' dir='ltr'>cenae</span> 
     </span>
     <span class='ocr_line' id='line_1_12' title="bbox 265 1528 601 1592; baseline 0.003 -2"><span class='ocrx_word' id='word_1_87' title='bbox 265 1528 405 1590; x_wconf 90' lang='lat' dir='ltr'>nubtiali</span> <span class='ocrx_word' id='word_1_88' title='bbox 428 1528 601 1592; x_wconf 86' lang='lat' dir='ltr'>concessit.</span> 
     </span>
     <span class='ocr_line' id='line_1_13' title="bbox 309 1630 1319 1716; baseline 0.002 -22"><span class='ocrx_word' id='word_1_89' title='bbox 309 1653 370 1695; x_wconf 91' lang='lat' dir='ltr'>nec</span> <span class='ocrx_word' id='word_1_90' title='bbox 399 1633 528 1716; x_wconf 88' lang='lat' dir='ltr'>Psyche</span> <span class='ocrx_word' id='word_1_91' title='bbox 555 1651 674 1696; x_wconf 91' lang='lat' dir='ltr'>manus</span> <span class='ocrx_word' id='word_1_92' title='bbox 705 1631 883 1696; x_wconf 85' lang='lat' dir='ltr'>admolitur</span> <span class='ocrx_word' id='word_1_93' title='bbox 912 1630 1102 1696; x_wconf 86' lang='lat' dir='ltr'>inconditae</span> <span class='ocrx_word' id='word_1_94' title='bbox 1133 1633 1179 1696; x_wconf 93' lang='lat' dir='ltr'>illi</span> <span class='ocrx_word' id='word_1_95' title='bbox 1209 1643 1243 1697; x_wconf 91' lang='lat' dir='ltr'>et</span> <span class='ocrx_word' id='word_1_96' title='bbox 1273 1633 1319 1696; x_wconf 92' lang='lat' dir='ltr'>in-</span> 
     </span>
     <span class='ocr_line' id='line_1_14' title="bbox 265 1736 1318 1818; baseline 0.001 -19"><span class='ocrx_word' id='word_1_97' title='bbox 265 1736 446 1799; x_wconf 89' lang='lat' dir='ltr'>extricabili</span> <span class='ocrx_word' id='word_1_98' title='bbox 473 1736 560 1813; x_wconf 88' lang='lat' dir='ltr'>moli,</span> <span class='ocrx_word' id='word_1_99' title='bbox 587 1737 646 1800; x_wconf 90' lang='lat' dir='ltr'>sed</span> <span class='ocrx_word' id='word_1_100' title='bbox 673 1736 879 1800; x_wconf 86' lang='lat' dir='ltr'>immanitate</span> <span class='ocrx_word' id='word_1_101' title='bbox 906 1737 1078 1818; x_wconf 88' lang='lat' dir='ltr'>praecepti</span> <span class='ocrx_word' id='word_1_102' title='bbox 1106 1743 1318 1802; x_wconf 88' lang='lat' dir='ltr'>consternata</span> 
     </span>
     <span class='ocr_line' id='line_1_15' title="bbox 265 1839 1317 1923; baseline 0.002 -21"><span class='ocrx_word' id='word_1_103' title='bbox 265 1839 365 1903; x_wconf 91' lang='lat' dir='ltr'>silens</span> <span class='ocrx_word' id='word_1_104' title='bbox 396 1839 612 1922; x_wconf 88' lang='lat' dir='ltr'>obstupescit.</span> <span class='ocrx_word' id='word_1_105' title='bbox 659 1849 738 1904; x_wconf 93' lang='lat' dir='ltr'>tunc</span> <span class='ocrx_word' id='word_1_106' title='bbox 766 1839 941 1904; x_wconf 85' lang='lat' dir='ltr'>formicula</span> <span class='ocrx_word' id='word_1_107' title='bbox 968 1840 1023 1902; x_wconf 92' lang='lat' dir='ltr'>illa</span> <span class='ocrx_word' id='word_1_108' title='bbox 1050 1841 1190 1923; x_wconf 92' lang='lat' dir='ltr'>paruula</span> <span class='ocrx_word' id='word_1_109' title='bbox 1217 1851 1317 1923; x_wconf 90' lang='lat' dir='ltr'>atque</span> 
     </span>
     <span class='ocr_line' id='line_1_16' title="bbox 213 1943 1319 2026; baseline 0.003 -21"><span class='ocrx_word' id='word_1_110' title='bbox 213 1972 239 2018; x_wconf 69' lang='grc' dir='ltr'>ις</span> <span class='ocrx_word' id='word_1_111' title='bbox 265 1944 413 2019; x_wconf 90' lang='lat' dir='ltr'>ruricola,</span> <span class='ocrx_word' id='word_1_112' title='bbox 432 1954 522 2006; x_wconf 91' lang='lat' dir='ltr'>certa</span> <span class='ocrx_word' id='word_1_113' title='bbox 538 1944 740 2008; x_wconf 87' lang='lat' dir='ltr'>difficultatis</span> <span class='ocrx_word' id='word_1_114' title='bbox 756 1953 869 2007; x_wconf 91' lang='lat' dir='ltr'>tantae</span> <span class='ocrx_word' id='word_1_115' title='bbox 886 1943 1074 2026; x_wconf 91' lang='lat' dir='ltr'>laborisque</span> <span class='ocrx_word' id='word_1_116' title='bbox 1090 1944 1225 2008; x_wconf 89' lang='lat' dir='ltr'>miserta</span> <span class='ocrx_word' id='word_1_117' title='bbox 1244 1965 1319 2008; x_wconf 93' lang='lat' dir='ltr'>con-</span> 
     </span>
     <span class='ocr_line' id='line_1_17' title="bbox 264 2047 1315 2130; baseline 0.001 -20"><span class='ocrx_word' id='word_1_118' title='bbox 264 2047 446 2110; x_wconf 90' lang='lat' dir='ltr'>tubernalis</span> <span class='ocrx_word' id='word_1_119' title='bbox 482 2047 595 2129; x_wconf 88' lang='lat' dir='ltr'>magni</span> <span class='ocrx_word' id='word_1_120' title='bbox 630 2048 684 2111; x_wconf 93' lang='lat' dir='ltr'>dei</span> <span class='ocrx_word' id='word_1_121' title='bbox 722 2068 902 2130; x_wconf 89' lang='lat' dir='ltr'>socrusque</span> <span class='ocrx_word' id='word_1_122' title='bbox 941 2047 1114 2111; x_wconf 90' lang='lat' dir='ltr'>saeuitiam</span> <span class='ocrx_word' id='word_1_123' title='bbox 1153 2058 1315 2124; x_wconf 88' lang='lat' dir='ltr'>execrata,</span> 
     </span>
     <span class='ocr_line' id='line_1_18' title="bbox 265 2151 1318 2234; baseline 0 -20"><span class='ocrx_word' id='word_1_124' title='bbox 265 2151 452 2214; x_wconf 90' lang='lat' dir='ltr'>discurrens</span> <span class='ocrx_word' id='word_1_125' title='bbox 479 2152 609 2215; x_wconf 91' lang='lat' dir='ltr'>nauiter</span> <span class='ocrx_word' id='word_1_126' title='bbox 635 2161 798 2215; x_wconf 92' lang='lat' dir='ltr'>conuocat</span> <span class='ocrx_word' id='word_1_127' title='bbox 825 2161 1045 2234; x_wconf 86' lang='lat' dir='ltr'>corrogatque</span> <span class='ocrx_word' id='word_1_128' title='bbox 1073 2162 1227 2216; x_wconf 93' lang='lat' dir='ltr'>cunctam</span> <span class='ocrx_word' id='word_1_129' title='bbox 1254 2153 1318 2216; x_wconf 82' lang='lat' dir='ltr'>lor·</span> 
     </span>
     <span class='ocr_line' id='line_1_19' title="bbox 264 2255 1318 2332; baseline 0.002 -14"><span class='ocrx_word' id='word_1_130' title='bbox 264 2255 424 2318; x_wconf 89' lang='lat' dir='ltr'>micarum</span> <span class='ocrx_word' id='word_1_131' title='bbox 445 2256 633 2320; x_wconf 90' lang='lat' dir='ltr'>accolarum</span> <span class='ocrx_word' id='word_1_132' title='bbox 653 2256 812 2319; x_wconf 92' lang='lat' dir='ltr'>classem:</span> <span class='ocrx_word' id='word_1_133' title='bbox 839 2255 1068 2332; x_wconf 72' lang='lat' dir='ltr'>‘miseremini</span> <span class='ocrx_word' id='word_1_134' title='bbox 1085 2266 1193 2320; x_wconf 90' lang='lat' dir='ltr'>terrae</span> <span class='ocrx_word' id='word_1_135' title='bbox 1216 2257 1318 2320; x_wconf 93' lang='lat' dir='ltr'>omni-</span> 
     </span>
     <span class='ocr_line' id='line_1_20' title="bbox 264 2359 1314 2447; baseline 0.001 -25"><span class='ocrx_word' id='word_1_136' title='bbox 264 2359 411 2442; x_wconf 90' lang='lat' dir='ltr'>parentis</span> <span class='ocrx_word' id='word_1_137' title='bbox 435 2359 547 2447; x_wconf 42' lang='lat' dir='ltr'>agiles·</span> <span class='ocrx_word' id='word_1_138' title='bbox 564 2359 726 2436; x_wconf 88' lang='lat' dir='ltr'>alumnae,</span> <span class='ocrx_word' id='word_1_139' title='bbox 752 2359 963 2435; x_wconf 85' lang='lat' dir='ltr'>miseremini,</span> <span class='ocrx_word' id='word_1_140' title='bbox 989 2370 1022 2424; x_wconf 91' lang='lat' dir='ltr'>et</span> <span class='ocrx_word' id='word_1_141' title='bbox 1050 2361 1185 2424; x_wconf 87' lang='lat' dir='ltr'>Amoris</span> <span class='ocrx_word' id='word_1_142' title='bbox 1212 2361 1314 2438; x_wconf 87' lang='lat' dir='ltr'>uxori,</span> 
     </span>
     <span class='ocr_line' id='line_1_21' title="bbox 210 2463 1317 2547; baseline 0.004 -22"><span class='ocrx_word' id='word_1_143' title='bbox 210 2494 239 2525; x_wconf 70' lang='grc' dir='ltr'><strong>ω</strong></span> <span class='ocrx_word' id='word_1_144' title='bbox 264 2464 395 2545; x_wconf 92' lang='lat' dir='ltr'>puellae</span> <span class='ocrx_word' id='word_1_145' title='bbox 420 2463 560 2544; x_wconf 89' lang='lat' dir='ltr'>lepidae,</span> <span class='ocrx_word' id='word_1_146' title='bbox 586 2463 785 2544; x_wconf 91' lang='lat' dir='ltr'>periclitanti</span> <span class='ocrx_word' id='word_1_147' title='bbox 810 2473 965 2547; x_wconf 90' lang='lat' dir='ltr'>prompta</span> <span class='ocrx_word' id='word_1_148' title='bbox 988 2465 1164 2529; x_wconf 91' lang='lat' dir='ltr'>uelocitate</span> <span class='ocrx_word' id='word_1_149' title='bbox 1188 2485 1317 2529; x_wconf 90' lang='lat' dir='ltr'>succur-</span> 
     </span>
     <span class='ocr_line' id='line_1_22' title="bbox 263 2567 1316 2652; baseline 0.004 -24"><span class='ocrx_word' id='word_1_150' title='bbox 263 2567 344 2629; x_wconf 83' lang='lat' dir='ltr'>rite’</span> <span class='ocrx_word' id='word_1_151' title='bbox 391 2577 492 2630; x_wconf 92' lang='lat' dir='ltr'>ruunt</span> <span class='ocrx_word' id='word_1_152' title='bbox 516 2567 600 2629; x_wconf 88' lang='lat' dir='ltr'>aliae</span> <span class='ocrx_word' id='word_1_153' title='bbox 625 2588 792 2652; x_wconf 87' lang='lat' dir='ltr'>superque</span> <span class='ocrx_word' id='word_1_154' title='bbox 820 2568 904 2630; x_wconf 88' lang='lat' dir='ltr'>aliae</span> <span class='ocrx_word' id='word_1_155' title='bbox 931 2569 1092 2650; x_wconf 90' lang='lat' dir='ltr'>sepedum</span> <span class='ocrx_word' id='word_1_156' title='bbox 1116 2569 1316 2651; x_wconf 91' lang='lat' dir='ltr'>populorum</span> 
     </span>
     <span class='ocr_line' id='line_1_23' title="bbox 263 2671 1317 2755; baseline 0.004 -23"><span class='ocrx_word' id='word_1_157' title='bbox 263 2671 382 2748; x_wconf 86' lang='lat' dir='ltr'>undae,</span> <span class='ocrx_word' id='word_1_158' title='bbox 412 2691 607 2754; x_wconf 92' lang='lat' dir='ltr'>summoque</span> <span class='ocrx_word' id='word_1_159' title='bbox 631 2673 741 2736; x_wconf 92' lang='lat' dir='ltr'>studio</span> <span class='ocrx_word' id='word_1_160' title='bbox 769 2673 921 2755; x_wconf 90' lang='lat' dir='ltr'>singulae</span> <span class='ocrx_word' id='word_1_161' title='bbox 951 2673 1115 2754; x_wconf 88' lang='lat' dir='ltr'>granatim</span> <span class='ocrx_word' id='word_1_162' title='bbox 1142 2683 1248 2737; x_wconf 93' lang='lat' dir='ltr'>totum</span> <span class='ocrx_word' id='word_1_163' title='bbox 1272 2674 1317 2736; x_wconf 95' lang='lat' dir='ltr'>di-</span> 
     </span>
     <span class='ocr_line' id='line_1_24' title="bbox 263 2775 1316 2860; baseline 0.003 -22"><span class='ocrx_word' id='word_1_164' title='bbox 263 2785 384 2857; x_wconf 90' lang='lat' dir='ltr'>gerunt</span> <span class='ocrx_word' id='word_1_165' title='bbox 421 2795 587 2851; x_wconf 88' lang='lat' dir='ltr'>aceruum,</span> <span class='ocrx_word' id='word_1_166' title='bbox 620 2777 867 2859; x_wconf 88' lang='lat' dir='ltr'>separatimque</span> <span class='ocrx_word' id='word_1_167' title='bbox 906 2775 1088 2840; x_wconf 91' lang='lat' dir='ltr'>distributis</span> <span class='ocrx_word' id='word_1_168' title='bbox 1126 2777 1316 2860; x_wconf 91' lang='lat' dir='ltr'>dissitisque</span> 
     </span>
     <span class='ocr_line' id='line_1_25' title="bbox 262 2879 1316 2964; baseline 0.003 -22"><span class='ocrx_word' id='word_1_169' title='bbox 262 2879 440 2961; x_wconf 89' lang='lat' dir='ltr'>generibus</span> <span class='ocrx_word' id='word_1_170' title='bbox 471 2899 490 2941; x_wconf 92' lang='lat' dir='ltr'>e</span> <span class='ocrx_word' id='word_1_171' title='bbox 523 2891 706 2962; x_wconf 92' lang='lat' dir='ltr'>conspectu</span> <span class='ocrx_word' id='word_1_172' title='bbox 741 2881 919 2964; x_wconf 90' lang='lat' dir='ltr'>perniciter</span> <span class='ocrx_word' id='word_1_173' title='bbox 953 2881 1085 2944; x_wconf 87' lang='lat' dir='ltr'>abeunt.</span> <span class='ocrx_word' id='word_1_174' title='bbox 1169 2901 1220 2945; x_wconf 92' lang='lat'>11.</span> <span class='ocrx_word' id='word_1_175' title='bbox 1256 2882 1316 2945; x_wconf 94' lang='lat' dir='ltr'>sed</span> 
     </span>
     <span class='ocr_line' id='line_1_26' title="bbox 210 2983 1316 3068; baseline 0.004 -23"><span class='ocrx_word' id='word_1_176' title='bbox 210 3011 237 3058; x_wconf 85' lang='lat'>25</span> <span class='ocrx_word' id='word_1_177' title='bbox 262 2984 354 3046; x_wconf 92' lang='lat' dir='ltr'>initio</span> <span class='ocrx_word' id='word_1_178' title='bbox 370 2983 477 3046; x_wconf 90' lang='lat' dir='ltr'>noctis</span> <span class='ocrx_word' id='word_1_179' title='bbox 494 3003 512 3046; x_wconf 89' lang='lat' dir='ltr'>e</span> <span class='ocrx_word' id='word_1_180' title='bbox 528 2984 682 3048; x_wconf 93' lang='lat' dir='ltr'>conuiuio</span> <span class='ocrx_word' id='word_1_181' title='bbox 699 2985 840 3067; x_wconf 93' lang='lat' dir='ltr'>nuptiali</span> <span class='ocrx_word' id='word_1_182' title='bbox 857 2986 934 3050; x_wconf 92' lang='lat' dir='ltr'>uino</span> <span class='ocrx_word' id='word_1_183' title='bbox 951 2985 1089 3049; x_wconf 89' lang='lat' dir='ltr'>madens</span> <span class='ocrx_word' id='word_1_184' title='bbox 1108 2995 1142 3049; x_wconf 92' lang='lat' dir='ltr'>et</span> <span class='ocrx_word' id='word_1_185' title='bbox 1160 2986 1316 3068; x_wconf 80' lang='lat' dir='ltr'>fragrans</span> 
     </span>
     <span class='ocr_line' id='line_1_27' title="bbox 262 3088 1316 3172; baseline 0.003 -22"><span class='ocrx_word' id='word_1_186' title='bbox 262 3088 412 3150; x_wconf 84' lang='lat' dir='ltr'>balsama</span> <span class='ocrx_word' id='word_1_187' title='bbox 429 3088 547 3151; x_wconf 90' lang='lat' dir='ltr'>Venus</span> <span class='ocrx_word' id='word_1_188' title='bbox 569 3098 695 3152; x_wconf 87' lang='lat' dir='ltr'>remeat</span> <span class='ocrx_word' id='word_1_189' title='bbox 717 3099 891 3172; x_wconf 91' lang='lat' dir='ltr'>totumque</span> <span class='ocrx_word' id='word_1_190' title='bbox 915 3090 1065 3154; x_wconf 92' lang='lat' dir='ltr'>reuincta</span> <span class='ocrx_word' id='word_1_191' title='bbox 1088 3109 1209 3171; x_wconf 92' lang='lat' dir='ltr'>corpus</span> <span class='ocrx_word' id='word_1_192' title='bbox 1232 3089 1316 3153; x_wconf 90' lang='lat' dir='ltr'>rosis</span> 
     </span>
     <span class='ocr_line' id='line_1_28' title="bbox 262 3191 1314 3276; baseline 0.002 -22"><span class='ocrx_word' id='word_1_193' title='bbox 262 3191 471 3267; x_wconf 90' lang='lat' dir='ltr'>micantibus,</span> <span class='ocrx_word' id='word_1_194' title='bbox 493 3191 630 3276; x_wconf 90' lang='lat' dir='ltr'>uisaque</span> <span class='ocrx_word' id='word_1_195' title='bbox 655 3193 827 3274; x_wconf 89' lang='lat' dir='ltr'>diligentia</span> <span class='ocrx_word' id='word_1_196' title='bbox 847 3195 920 3256; x_wconf 91' lang='lat' dir='ltr'>miri</span> <span class='ocrx_word' id='word_1_197' title='bbox 940 3194 1070 3270; x_wconf 89' lang='lat' dir='ltr'>laboris,</span> <span class='ocrx_word' id='word_1_198' title='bbox 1090 3198 1177 3257; x_wconf 88' lang='lat' dir='ltr'>‘non</span> <span class='ocrx_word' id='word_1_199' title='bbox 1198 3193 1314 3269; x_wconf 90' lang='lat' dir='ltr'>tuum,’</span> 
     </span>
     <span class='ocr_line' id='line_1_29' title="bbox 262 3295 1314 3379; baseline 0.003 -22"><span class='ocrx_word' id='word_1_200' title='bbox 262 3295 377 3378; x_wconf 92' lang='lat' dir='ltr'>inquit,</span> <span class='ocrx_word' id='word_1_201' title='bbox 409 3296 640 3378; x_wconf 71' lang='lat' dir='ltr'>‘nequissima</span> <span class='ocrx_word' id='word_1_202' title='bbox 668 3317 731 3360; x_wconf 91' lang='lat' dir='ltr'>nec</span> <span class='ocrx_word' id='word_1_203' title='bbox 758 3307 891 3360; x_wconf 89' lang='lat' dir='ltr'>tuarum</span> <span class='ocrx_word' id='word_1_204' title='bbox 918 3318 1076 3360; x_wconf 86' lang='lat' dir='ltr'>manuum</span> <span class='ocrx_word' id='word_1_205' title='bbox 1104 3297 1192 3361; x_wconf 92' lang='lat' dir='ltr'>istud</span> <span class='ocrx_word' id='word_1_206' title='bbox 1219 3317 1314 3379; x_wconf 77' lang='lat' dir='ltr'>opuS,</span> 
     </span>
     <span class='ocr_line' id='line_1_30' title="bbox 263 3399 1316 3484; baseline 0.001 -21"><span class='ocrx_word' id='word_1_207' title='bbox 263 3400 321 3463; x_wconf 91' lang='lat' dir='ltr'>sed</span> <span class='ocrx_word' id='word_1_208' title='bbox 348 3399 434 3462; x_wconf 93' lang='lat' dir='ltr'>illius</span> <span class='ocrx_word' id='word_1_209' title='bbox 462 3399 515 3463; x_wconf 91' lang='lat' dir='ltr'>cui</span> <span class='ocrx_word' id='word_1_210' title='bbox 542 3409 609 3476; x_wconf 93' lang='lat' dir='ltr'>tuo,</span> <span class='ocrx_word' id='word_1_211' title='bbox 634 3401 736 3464; x_wconf 92' lang='lat' dir='ltr'>immo</span> <span class='ocrx_word' id='word_1_212' title='bbox 760 3411 793 3464; x_wconf 90' lang='lat' dir='ltr'>et</span> <span class='ocrx_word' id='word_1_213' title='bbox 816 3401 921 3482; x_wconf 92' lang='lat' dir='ltr'>ipsius</span> <span class='ocrx_word' id='word_1_214' title='bbox 944 3402 1040 3478; x_wconf 86' lang='lat' dir='ltr'>malo,</span> <span class='ocrx_word' id='word_1_215' title='bbox 1061 3399 1234 3484; x_wconf 85' lang='lat' dir='ltr'>placuisti’</span> <span class='ocrx_word' id='word_1_216' title='bbox 1281 3410 1316 3464; x_wconf 93' lang='lat' dir='ltr'>et</span> 
     </span>
     <span class='ocr_line' id='line_1_31' title="bbox 208 3496 1314 3586; baseline 0.002 -20"><span class='ocrx_word' id='word_1_217' title='bbox 208 3533 238 3578; x_wconf 85' lang='lat'>30</span> <span class='ocrx_word' id='word_1_218' title='bbox 262 3505 369 3567; x_wconf 82' lang='lat' dir='ltr'>frusto</span> <span class='ocrx_word' id='word_1_219' title='bbox 382 3496 495 3566; x_wconf 90' lang='lat' dir='ltr'>cibarii</span> <span class='ocrx_word' id='word_1_220' title='bbox 508 3505 604 3586; x_wconf 92' lang='lat' dir='ltr'>panis</span> <span class='ocrx_word' id='word_1_221' title='bbox 620 3504 651 3567; x_wconf 89' lang='lat' dir='ltr'>ei</span> <span class='ocrx_word' id='word_1_222' title='bbox 668 3505 814 3586; x_wconf 93' lang='lat' dir='ltr'>proiecto</span> <span class='ocrx_word' id='word_1_223' title='bbox 831 3505 977 3568; x_wconf 93' lang='lat' dir='ltr'>cubitum</span> <span class='ocrx_word' id='word_1_224' title='bbox 990 3505 1135 3568; x_wconf 84' lang='lat' dir='ltr'>facessit.</span> <span class='ocrx_word' id='word_1_225' title='bbox 1182 3505 1314 3568; x_wconf 90' lang='lat' dir='ltr'>interim</span> 
     </span>
     <span class='ocr_line' id='line_1_32' title="bbox 263 3594 1315 3689; baseline 0 -17"><span class='ocrx_word' id='word_1_226' title='bbox 263 3594 393 3689; x_wconf 90' lang='lat' dir='ltr'>Cupido</span> <span class='ocrx_word' id='word_1_227' title='bbox 420 3608 511 3670; x_wconf 93' lang='lat' dir='ltr'>solus</span> <span class='ocrx_word' id='word_1_228' title='bbox 538 3608 702 3672; x_wconf 90' lang='lat' dir='ltr'>interioris</span> <span class='ocrx_word' id='word_1_229' title='bbox 730 3609 848 3672; x_wconf 92' lang='lat' dir='ltr'>domus</span> <span class='ocrx_word' id='word_1_230' title='bbox 876 3609 965 3673; x_wconf 92' lang='lat' dir='ltr'>unici</span> <span class='ocrx_word' id='word_1_231' title='bbox 991 3608 1134 3672; x_wconf 92' lang='lat' dir='ltr'>cubiculi</span> <span class='ocrx_word' id='word_1_232' title='bbox 1164 3609 1315 3672; x_wconf 89' lang='lat' dir='ltr'>custodia</span> 
     </span>
     <span class='ocr_line' id='line_1_33' title="bbox 262 3711 1314 3796; baseline 0.001 -21"><span class='ocrx_word' id='word_1_233' title='bbox 262 3712 395 3775; x_wconf 91' lang='lat' dir='ltr'>clausus</span> <span class='ocrx_word' id='word_1_234' title='bbox 412 3712 650 3775; x_wconf 86' lang='lat' dir='ltr'>coherccbatur</span> <span class='ocrx_word' id='word_1_235' title='bbox 665 3712 791 3789; x_wconf 91' lang='lat' dir='ltr'>acriter,</span> <span class='ocrx_word' id='word_1_236' title='bbox 810 3713 930 3796; x_wconf 88' lang='lat' dir='ltr'>partim</span> <span class='ocrx_word' id='word_1_237' title='bbox 947 3733 989 3774; x_wconf 90' lang='lat' dir='ltr'>ne</span> <span class='ocrx_word' id='word_1_238' title='bbox 1008 3711 1171 3794; x_wconf 90' lang='lat' dir='ltr'>petulanti</span> <span class='ocrx_word' id='word_1_239' title='bbox 1188 3713 1314 3776; x_wconf 88' lang='lat' dir='ltr'>luxurie</span> 
     </span>
    </p>
   </div>
   <div class='ocr_carea' id='block_1_3' title="bbox 0 0 1472 4236">
    <p class='ocr_par' dir='ltr' id='par_1_3' title="bbox 0 0 1472 4236">
     <span class='ocr_line' id='line_1_34' title="bbox 0 0 1472 4236; baseline 0 1"><span class='ocrx_word' id='word_1_240' title='bbox 0 0 1472 4236; x_wconf 95' lang='lat' dir='ltr'> </span> 
     </span>
    </p>
   </div>
  </div>
 </body>
</html>
