2926 4232
528 328 723 379 rsruourvs
745 327 900 378 nnuman
1225 319 1264 400 85

210 497 315 571 caput
341 486 413 551 eius
441 485 703 572 symphoniacus
730 505 805 549 cum
836 485 980 548 minimis
1007 485 1096 549 tibiis
1125 487 1267 550 accessit

210 602 245 656 et
265 597 426 674 tanquam
443 591 477 654 in
493 611 607 654 aurem
624 590 748 673 aliquid
765 599 893 654 secreto
909 590 1044 666 diceret,
1061 599 1132 654 toto
1149 590 1266 654 itinere

211 695 369 760 cantauit.

256 799 427 882 sequimur
453 819 515 863 nos
545 797 764 862 admiratione
790 798 856 860 iam
884 797 988 861 saturi
1014 807 1048 862 et
1073 818 1149 862 cum
1176 799 1267 880 Aga·

171 929 188 981 ς
212 923 391 967 memnone
414 903 457 966 ad
480 903 614 966 ianuam
638 902 862 996 peruenimus
884 901 918 964 in
941 901 1035 966 cuius
1059 911 1155 984 poste
1178 902 1267 966 libel-

212 1009 265 1071 lus
292 1017 364 1071 erat
390 1027 465 1071 cum
494 1008 555 1070 hac
583 1006 800 1088 inscriptione
824 1007 926 1069 fixus:
959 1005 1126 1088 ‘quisquis
1150 1025 1266 1070 seruus

213 1113 285 1176 sine
309 1111 474 1175 dominico
497 1110 590 1174 iussu
613 1111 704 1173 foras
731 1109 855 1185 exierit,
881 1109 1022 1192 accipiet
1047 1111 1167 1192 plagas
1193 1129 1268 1174 cen-

212 1216 304 1279 tum'
351 1215 385 1278 in
407 1215 500 1278 aditu
523 1224 634 1278 autem
658 1214 732 1296 ipso
756 1213 866 1276 stabat
889 1213 1043 1277 ostiarius
1066 1213 1265 1296 prasinatus,

214 1319 365 1383 cerasino
396 1318 585 1383 succinctus
616 1317 760 1400 cingulo
788 1326 889 1400 atque
920 1317 954 1380 in
985 1318 1080 1381 lance
1107 1327 1268 1400 argentea

160 1453 191 1486 ιο
214 1423 324 1506 pisum
352 1423 525 1505 purgabat.
573 1441 675 1504 super
699 1421 800 1484 limen
828 1431 941 1484 autem
968 1441 1072 1484 cauea
1100 1422 1269 1503 pendebat

214 1547 325 1603 aurea,
342 1527 376 1590 in
393 1547 459 1609 qua
476 1525 550 1608 pica
566 1525 659 1588 uaria
678 1525 841 1588 intrantes
861 1524 1035 1588 salutabat.
1105 1543 1158 1605 ²⁹·
1184 1535 1269 1589 cete-

215 1650 288 1694 rum
315 1651 380 1712 ego
404 1631 484 1693 dum
508 1629 620 1693 omnia
646 1639 774 1711 stupeo,
801 1649 909 1711 paene
935 1629 1148 1711 resupinatus
1172 1649 1269 1692 crura

216 1755 290 1798 mea
310 1734 406 1816 fregi.
454 1734 496 1797 ad
518 1734 686 1797 sinistram
703 1733 792 1796 enirn
809 1731 1009 1796 intrantibus
1026 1753 1093 1795 non
1110 1733 1210 1814 longe
1226 1733 1268 1796 ab

215 1838 342 1902 ostiarii
357 1839 441 1902 cella
456 1837 548 1901 canis
564 1837 693 1918 ingens,
711 1846 830 1900 catena
846 1836 988 1912 uinctus,
1005 1835 1039 1898 in
1056 1836 1182 1918 pariete
1198 1847 1269 1900 erat

163 1973 192 2020 15
216 1943 326 2025 pictus
349 1962 516 2024 superque
539 1941 702 2024 quadrata
721 1940 816 2003 litera
833 1940 992 2022 scriptum
1011 1945 1110 2003 ‘caue
1129 1941 1268 2004 canem!

216 2057 250 2110 et
280 2047 429 2128 collegae
456 2045 589 2128 quidem
617 2045 683 2108 mei
710 2044 864 2119 riserunt,
892 2063 957 2125 ego
988 2053 1099 2108 autem
1130 2044 1270 2108 collecto

216 2150 334 2233 spiritu
350 2171 417 2214 non
434 2149 546 2212 destiti
561 2159 668 2213 totum
684 2147 846 2231 parietem
862 2147 1026 2230 persequi.
1072 2158 1143 2211 erat
1157 2157 1270 2211 autem

217 2254 416 2318 uenalicium
438 2273 508 2316 eum
529 2253 635 2316 titulis
655 2253 790 2334 pictum,
808 2261 841 2314 et
860 2251 932 2333 ipse
951 2251 1154 2315 Trimalchio
1173 2251 1271 2334 capil-

217 2359 304 2422 latus
329 2358 512 2422 caduceum
540 2357 677 2420 tenebat
706 2356 927 2437 Mineruaque
954 2355 1098 2418 ducente
1127 2356 1269 2418 Romam

165 2491 195 2524 ω
217 2462 371 2526 intrabat.
430 2461 507 2525 hinc
544 2459 825 2544 quemadmodum
865 2458 1054 2522 ratiocinari
1091 2458 1269 2535 didicisset,

217 2566 361 2649 denique
383 2565 594 2648 dispensator
609 2565 720 2627 factus
736 2572 834 2638 esset,
849 2562 960 2626 omnia
975 2563 1153 2644 diligenter
1168 2562 1272 2626 curio

218 2691 275 2734 sus
306 2670 414 2752 pictor
440 2689 516 2733 cum
546 2667 762 2750 inscriptione
789 2666 987 2731 reddiderat.
1035 2666 1069 2728 in
1096 2666 1271 2730 deficiente

218 2794 298 2837 uero
322 2774 387 2836 iam
411 2772 540 2856 porticu
563 2773 711 2835 leuatum
735 2780 848 2834 mento
874 2770 908 2832 in
933 2770 1077 2833 tribunal
1103 2771 1271 2834 excelsum

220 2877 407 2941 Mercurius
430 2875 590 2958 rapiebat.
638 2884 773 2958 praesto
793 2883 864 2937 erat
886 2874 1035 2936 Fortuna
1051 2893 1154 2937 comu
1172 2874 1272 2936 abun-

166 3011 194 3059 25
219 2981 311 3045 danti
337 2980 474 3063 copiosa
500 2988 534 3044 et
560 2989 628 3043 tres
657 2979 780 3042 Parcae
808 2997 909 3040 aurea
935 2997 1041 3059 pensa
1067 2987 1269 3059 torquentes.

219 3084 333 3148 notaui
363 3083 464 3148 etiam
495 3083 529 3146 in
563 3082 692 3166 porticu
724 3101 862 3163 gregem
895 3101 1066 3144 cursorum
1098 3101 1174 3144 cum
1207 3101 1273 3144 ma-

218 3188 322 3271 gistro
350 3207 386 3252 se
413 3197 631 3252 exercentem.
679 3195 853 3268 praeterea
878 3184 1006 3266 grande
1034 3184 1211 3248 armarium
1239 3185 1272 3247 in

219 3292 343 3374 angulo
373 3291 451 3368 uidi,
483 3291 517 3354 in
547 3290 641 3355 cuius
671 3289 821 3353 aedicula
854 3298 949 3352 erant
983 3289 1088 3352 Lares
1122 3289 1273 3371 argentei

219 3396 319 3478 positi
345 3395 554 3478 Venerisque
580 3394 711 3476 signum
740 3413 961 3456 marmoreum
989 3401 1022 3455 et
1050 3391 1146 3477 pyxis
1173 3411 1273 3455 aurea

167 3529 196 3575 ³0
219 3520 287 3564 non
300 3499 429 3583 pusilla,
443 3499 477 3562 in
490 3519 557 3581 qua
568 3497 706 3560 barbam
718 3495 823 3580 ipsius
836 3495 1004 3558 conditam
1016 3516 1090 3560 esse
1107 3495 1271 3560 dicebant.

263 3711 469 3790 interrogare
485 3726 567 3789 ergo
583 3705 762 3768 atriensem
779 3702 884 3785 coepi,
898 3723 983 3784 quas
998 3702 1031 3765 in
1049 3703 1158 3766 medio
1172 3703 1274 3785 pictu-
