2934 4236
521 333 716 384 armamus
738 333 892 383 ananan
1215 339 1260 406 97

206 514 303 558 cum:
329 492 357 556 si
379 513 447 556 non
463 491 640 568 didicisset,
658 491 757 556 hodie
774 491 898 555 famem
914 511 934 554 a
950 492 1050 555 labris
1066 513 1133 557 non
1149 493 1259 574 abige-

207 608 266 661 ret.
314 597 421 673 mado,
435 598 534 660 moda
550 596 636 660 callo
651 616 713 660 suo
728 595 984 660 circumferebat
999 617 1102 660 onera
1117 599 1257 672 uenalia,

207 721 298 765 nunc
325 701 425 764 etiam
450 700 612 764 aduersus
641 700 838 764 Norbanum
865 720 901 763 se
932 701 1088 765 extendit.
1144 701 1258 764 literae

207 807 403 868 thesaurum
419 813 479 881 est,
496 814 530 868 et
546 803 719 868 artificium
736 823 907 886 nunquam
925 803 1112 868 moritur.'’'

158 1036 214 1090 Tae
226 1037 282 1089 bost
294 1044 413 1100 returns;
432 1053 449 1088 a
461 1036 535 1088 white
546 1053 599 1089 som
612 1035 634 1087 is
645 1035 755 1088 selected
766 1035 834 1087 aliae
846 1035 933 1104 before
948 1037 988 1088 tbe
1002 1045 1089 1106 questa
1103 1039 1159 1089 and
1173 1037 1261 1090 imme-

208 1124 307 1192 diately
316 1124 448 1192 prepared
460 1140 490 1176 as
502 1125 543 1175 tlte
555 1131 616 1175 neat
628 1139 734 1186 conrse;
752 1122 905 1175 meanwhile
917 1124 1096 1175 conversation
1109 1124 1131 1174 is
1143 1124 1261 1176 directed

208 1211 241 1279 by
258 1212 298 1270 tlte
318 1212 373 1264 bost
392 1220 416 1264 ta
437 1211 542 1264 various
562 1210 670 1264 learned
688 1209 808 1279 sabjecta.
855 1209 1015 1263 Trimalchio
1029 1211 1130 1278 finally
1149 1211 1260 1264 becomes

209 1297 300 1367 fairly
312 1298 423 1350 melloto:

170 1460 186 1507 5
209 1439 244 1493 et
261 1436 397 1512 ‘aquam
413 1430 514 1505 loraS,
532 1428 647 1492 uinum
663 1428 767 1492 intro’
784 1428 941 1492 clamauit
1078 1429 1261 1511 excipimus

209 1534 433 1597 urbanitatem
460 1533 608 1606 iocantiS,
634 1542 667 1596 et
690 1542 769 1596 ante
791 1552 909 1596 omnes
932 1533 1180 1614 Agamemnon,
1205 1534 1262 1616 qui

211 1638 345 1713 sciebat,
378 1637 497 1720 quibus
528 1636 654 1700 meritis
684 1646 898 1700 reuocaretur
928 1637 970 1698 ad
1003 1657 1130 1700 cenam.
1178 1648 1262 1700 cete-

210 1762 284 1804 rum
315 1740 470 1804 laudatus
500 1739 703 1804 Trimalchio
735 1739 871 1802 hilarius
901 1739 984 1807 bibit
1015 1749 1049 1803 et
1078 1740 1143 1802 iam
1171 1741 1262 1804 ebrio

211 1845 381 1927 proximus
412 1844 547 1907 ‘nemo'
579 1842 686 1926 inquit
718 1848 885 1906 ‘uestrum
915 1853 1012 1924 rogat
1044 1845 1262 1908 Fortunatam

160 1981 188 2014 ιο
211 1969 330 2025 meam,
350 1957 387 2011 ut
410 1947 531 2012 saltet?
555 1946 679 2010 credite
703 1945 799 2010 mihi:
823 1946 999 2010 cordacem
1023 1968 1122 2011 nemo
1145 1949 1262 2012 melius

100 2078 103 2081 “
211 2054 322 2118 ducit.’

212 2167 312 2241 atque
327 2157 400 2239 ipse
416 2156 535 2220 erectis
551 2175 653 2237 supra
669 2155 815 2218 frontem
829 2155 981 2218 manibus
999 2156 1118 2240 Syrum
1137 2157 1264 2219 histrio-

212 2281 289 2325 nem
312 2260 489 2324 exhibebat
512 2259 710 2323 concinente
734 2269 805 2322 tota
831 2259 975 2322 familia:
1004 2255 1145 2333 Μάδεια,
1171 2259 1264 2342 Περι-

212 2359 337 2441 μάδεια.
369 2373 402 2427 et
418 2363 584 2446 prodisset
599 2363 632 2425 in
648 2361 804 2435 medium,
817 2362 879 2425 nisi
897 2363 1080 2426 Fortunata
1091 2364 1133 2427 ad
1149 2385 1262 2426 aurem

161 2499 188 2547 15
213 2467 425 2532 accessisset:
455 2463 523 2551 [et]
552 2465 661 2542 creda,
686 2465 804 2528 dixerit
828 2487 896 2528 non
920 2466 1038 2530 decere
1063 2467 1263 2549 grauitatem

212 2573 284 2636 eius
302 2582 370 2635 tam
393 2570 535 2633 humiles
558 2569 709 2651 ineptias.
757 2569 839 2632 nihil
862 2579 972 2632 autem
996 2580 1065 2633 tam
1089 2571 1263 2652 inaequale

213 2687 301 2753 erat3
327 2695 404 2738 nam
427 2673 526 2737 modo
549 2674 767 2737 Fortunatam
788 2671 963 2747 verebatur,
985 2675 1083 2738 modo
1107 2674 1149 2737 ad
1172 2685 1264 2738 natu-

213 2801 284 2843 ram
303 2799 397 2842 suam
416 2777 652 2842 reuertebatur.

258 2902 311 2964 53.
337 2893 371 2947 et
393 2883 492 2965 plane
515 2880 740 2963 interpellauit
763 2881 947 2944 saltationis
966 2881 1136 2945 libidinem
1156 2893 1265 2946 actua-

162 3020 192 3052 ω
214 2989 290 3064 rius,
312 2987 370 3070 qui
392 2996 552 3068 tanquam
576 2985 666 3048 urbis
689 2995 764 3048 acta
787 2985 954 3049 recitauit:
983 2987 1077 3049 ‘Vll
1102 2986 1264 3050 kalendas

215 3092 366 3156 sextiles:
397 3091 431 3153 in
458 3089 595 3171 praedio
619 3089 780 3165 Cumana,
806 3089 895 3171 quod
921 3099 972 3152 est
998 3089 1263 3166 Trimalchionis

214 3197 284 3260 nati
305 3205 383 3259 sunt
405 3193 500 3276 pueri
523 3193 634 3268 XXX,
652 3193 782 3274 puellae
800 3193 880 3270 XL;
906 3193 1037 3256 sublata
1055 3193 1088 3256 in
1109 3195 1263 3257 horreum

215 3321 255 3364 ex
277 3319 355 3363 area
377 3297 477 3361 tritici
499 3297 602 3359 millia
625 3296 772 3360 modium
795 3296 994 3378 quingenta;
1022 3298 1127 3360 boues
1150 3299 1265 3361 domiti

215 3401 399 3487 quingenti.
447 3402 565 3465 eodem
589 3401 659 3464 die:
692 3400 904 3463 Mithridates
932 3421 1048 3464 seruus
1075 3400 1109 3463 in
1133 3422 1265 3465 crucem

164 3537 193 3584 ες
215 3518 309 3572 actus
332 3516 391 3582 est,
416 3505 494 3588 quia
517 3505 580 3570 Gai
604 3503 708 3568 nostri
731 3503 830 3586 genio
854 3505 940 3567 male
964 3505 1100 3568 dixerat.
1147 3506 1265 3569 eodem

215 3612 286 3676 die:
317 3611 351 3673 in
375 3629 485 3672 arcam
509 3609 649 3672 relatum
673 3617 733 3683 est,
758 3609 846 3690 quod
874 3609 1028 3671 collocari
1054 3628 1121 3671 non
1149 3609 1265 3691 potuit,

216 3714 404 3780 sestertium
427 3713 562 3776 centies.
610 3711 727 3774 eodem
751 3711 820 3773 die:
852 3711 1041 3774 incendium
1065 3713 1192 3774 factum
1216 3723 1267 3775 est

294 3828 371 3866 rnna.
384 3826 500 3878 sxa-7
