2926 4232
644 296 802 346 chrnrvs
1234 304 1273 366 23

173 469 229 531 47.
263 453 486 537 Symmachus
503 462 676 534 praeterea
692 452 757 514 iam
774 463 844 515 tum
861 453 1020 534 depostus
1036 453 1200 516 bubulcus

260 556 416 638 expirans
432 557 577 617 animam
594 557 808 637 pulmonibus
825 576 925 637 aeger
942 557 1071 637 agebat.

945 660 1018 711 Non.
1033 672 1091 727 279.
1108 672 1155 724 17;
1176 659 1217 726 38.
1232 659 1273 711 26.

172 765 226 840 48.
696 810 702 823 .
728 810 734 823 .
761 810 767 823 .
793 761 847 824 ille
863 761 948 824 alter
963 761 1137 824 abundans

260 886 335 929 cum
354 875 482 947 septem
500 865 674 928 incolumis
691 865 801 946 pinnis
818 865 903 928 redit
919 885 957 928 ac
974 865 1091 947 recipit
1107 886 1151 928 se.
1246 946 1249 952 Ι

457 968 532 1020 Don.
547 965 576 1019 in
589 967 654 1020 Ter.
668 966 778 1018 Plorm.
795 967 816 1018 Ι.
832 981 858 1032 3.
876 980 903 1017 11
917 983 923 1032 ;
944 965 1039 1019 Schol.
1053 965 1082 1018 in
1096 967 1154 1019 luu.
1170 982 1195 1034 3.
1214 968 1271 1033 ¹58·

627 1204 737 1267 Lmen
761 1205 819 1268 IV.

303 1334 407 1422 [hanc
420 1348 567 1422 satyram
582 1347 681 1419 poeta
694 1357 734 1400 ex
749 1337 855 1400 Lucili
868 1337 951 1401 libro
964 1347 1081 1421 quarto
1093 1338 1271 1413 transtulit,

259 1441 454 1522 castigantis
470 1441 633 1503 luxuriam
650 1450 683 1503 et
699 1441 779 1502 uitia
795 1440 944 1503 diuitum.

957 1525 1049 1579 Schol.
1062 1525 1090 1578 in
1104 1527 1178 1579 Pers.
1192 1541 1216 1594 3.
1234 1526 1269 1596 r.]

521 1632 575 1684 Tle
584 1632 676 1700 praise
689 1631 821 1700 ofsimple
834 1632 925 1701 living.

171 1767 226 1827 49.
239 1750 279 1810 *0
295 1748 439 1830 lapathe,
457 1758 494 1810 ut
510 1748 633 1810 iactare
650 1767 712 1810 nec
729 1767 765 1809 es
782 1747 862 1810 satis
878 1747 1032 1828 cognitus
1048 1747 1105 1830 qui
1120 1746 1183 1810 sis!

258 1850 292 1913 in
310 1872 375 1933 quo
394 1851 528 1913 Laelius
544 1851 706 1914 clamores
722 1847 823 1931 tropos
839 1851 892 1913 ille
909 1851 1037 1914 solebat

258 1955 367 2030 edere,
384 1954 725 2036 conpellans-gumias
741 1975 781 2016 ex
796 1955 911 2017 ordine
927 1965 1067 2018 nostros.

980 2055 1038 2110 Cic.
1054 2056 1118 2108 Fin.
1134 2058 1171 2110 ΙΙ.
1186 2057 1212 2109 8.
1228 2070 1271 2122 24.

537 2145 593 2198 Tle
606 2146 702 2214 luxury
714 2146 749 2215 of
758 2146 907 2198 Gallonius.

172 2277 226 2340 50.
238 2263 279 2324 *o
296 2261 400 2336 Publi,
419 2282 438 2324 0
455 2281 587 2342 gurges,
606 2261 755 2326 Galloni:
780 2281 816 2324 es
832 2262 930 2325 homo
947 2262 1055 2337 miser,
1073 2261 1188 2344 inquit,

259 2365 387 2427 cenasti
402 2365 436 2427 in
452 2365 522 2427 uita
538 2385 719 2446 numquam
736 2365 832 2440 bene,
849 2385 925 2427 cum
942 2365 1053 2428 omnia
1068 2365 1102 2427 in
1119 2365 1182 2428 ista

258 2469 426 2532 consumis
442 2468 561 2551 squilla
577 2478 677 2550 atque
694 2488 898 2551 acupensere
915 2489 990 2532 cum
1007 2469 1040 2530 in
1057 2468 1239 2532 decimano

981 2569 1038 2623 Cic.
1053 2569 1117 2621 Fin.
1133 2571 1171 2622 ll.
1186 2570 1212 2622 8.
1228 2585 1270 2635 24.

550 2659 604 2712 Tite
617 2659 726 2712 mittola
739 2660 774 2729 os
780 2661 820 2712 tlte
832 2661 896 2712 n'clu

170 2791 225 2854 51.
237 2775 347 2857 *quod
363 2785 534 2859 sumptum
550 2783 650 2857 atque
666 2775 783 2857 epulas
799 2775 889 2838 uictu
906 2775 1085 2857 praeponis
1102 2776 1252 2838 honesto.

1033 2875 1105 2930 Gell.
1121 2877 1170 2928 IV.
1189 2876 1229 2928 16.
1246 2891 1270 2944 5.

478 2965 577 3018 ‘Plain
589 2965 673 3036 living
685 2967 740 3018 aad
752 2967 813 3035 liql
826 2967 967 3036 ttinunyss

169 3082 253 3158 sa*
736 3131 742 3142 .
768 3131 774 3143 .
800 3131 806 3144 .
831 3082 917 3145 bene
933 3091 1027 3144 cocto
1043 3090 1077 3144 et

257 3182 390 3246 condito
406 3202 559 3247 sermone
575 3184 663 3248 bono
680 3194 722 3259 et,
741 3185 768 3247 si
784 3185 925 3267 quaeris,
942 3185 1091 3248 libenter.

340 3298 342 3303 ·
721 3285 778 3339 Cic.
793 3287 847 3338 Au.
861 3287 940 3338 ΧΙΙΙ.
955 3299 996 3354 52.
1013 3300 1043 3351 ¹3
1063 3285 1127 3338 Fin.
1141 3287 1177 3339 11.
1191 3286 1215 3339 8.
1230 3299 1271 3350 24.

413 3459 470 3513 Tne
482 3461 546 3512 latos
558 3459 612 3513 aar
624 3461 690 3513 limit
702 3462 873 3530 expenditure
886 3481 920 3514 on
932 3463 1027 3531 fenals.

168 3575 255 3653 sm*
519 3625 526 3638 .
551 3625 557 3638 .
584 3625 591 3638 .
618 3577 726 3638 Fanni
743 3577 906 3640 centussis
923 3577 1078 3640 misellus.

725 3677 849 3730 Ge11.11.
866 3692 908 3742 24.
923 3692 956 3742 43
977 3676 1102 3730 Macrob.
1118 3678 1170 3730 lll.
1188 3690 1228 3742 17.
1245 3691 1269 3746 5.
