2934 4236
223 309 282 372 162
482 316 694 368 annonarum
716 317 762 368 or
784 316 911 367 nouxu
934 317 1059 366 sxrmn

270 475 441 558 incompta
457 483 490 539 et
505 474 651 557 agrestia
666 483 701 538 et
716 474 849 538 horrida
861 484 982 538 cuncta
994 474 1078 540 sint:
1103 497 1171 540 non
1184 476 1323 559 nuptiae

271 579 471 661 coniugales,
500 599 568 643 non
599 578 762 642 amicitiae
794 578 941 654 sociales,
974 599 1040 642 non
1071 579 1211 644 liberum
1243 581 1324 644 cari-

270 693 365 760 tates,
390 683 449 747 sed
475 683 620 747 enormis
644 683 815 746 conluuies
839 693 873 746 et
900 683 1121 764 squalentium
1146 684 1322 746 foederum

270 787 409 851 insuaue
432 787 623 850 fastidium!
671 787 754 850 haec
777 787 833 850 illa
855 787 998 850 uerbosa
1025 796 1058 850 et
1085 787 1165 850 satis
1191 787 1323 851 curiosa

232 892 342 966 sanis
369 892 403 954 in
430 891 565 955 auribus
591 891 743 967 Veneris,
772 890 830 956 filii
855 890 1005 954 lacerans
1033 890 1320 968 existimationem,

270 996 459 1078 ganniebat.

314 1110 347 1164 at
377 1102 494 1164 Venus
528 1100 612 1164 irata
646 1101 787 1164 solidum
821 1100 985 1164 exclamat
1018 1110 1178 1182 repente:
1221 1105 1322 1183 ‘ergo

270 1204 335 1267 iam
365 1204 420 1268 ille
449 1204 557 1268 bonus
592 1204 678 1267 filius
711 1225 806 1268 meus
840 1203 941 1267 habet
975 1204 1116 1267 amicam
1151 1205 1322 1286 aliquam?

270 1328 395 1390 prome,
413 1309 566 1390 agedum,
586 1329 671 1391 quae
693 1309 763 1372 sola
786 1307 867 1372 mihi
890 1308 995 1372 seruis
1018 1317 1178 1385 amanter,
1198 1329 1322 1372 nomen

220 1440 247 1473 10
270 1412 341 1475 eius
371 1432 457 1495 quae
488 1433 627 1496 puerum
658 1412 842 1494 ingenuum
870 1421 903 1475 et
929 1411 1093 1476 inuestem
1121 1412 1320 1489 sollicitauit,

271 1516 340 1579 siue
367 1516 422 1579 illa
445 1517 487 1580 de
512 1517 746 1602 Nympharum
770 1517 903 1599 populo,
922 1536 981 1580 seu
1003 1516 1046 1580 de
1071 1517 1240 1579 Horarum
1263 1537 1323 1580 nu-

270 1641 370 1697 mer0,
385 1641 443 1683 seu
460 1620 501 1684 de
520 1621 693 1683 Musarum
710 1621 821 1696 choro,
836 1621 889 1683 uel
905 1620 947 1684 de
963 1641 1112 1684 mearum
1130 1620 1321 1684 Gratiarum

270 1723 471 1787 ministerio’
518 1744 580 1788 nec
596 1724 717 1807 loquax
735 1723 790 1786 illa
809 1723 967 1788 conticuit
984 1724 1064 1800 auis,
1083 1724 1150 1800 sed,
1170 1723 1320 1800 ‘nescio’

269 1827 384 1910 inquit,
400 1828 552 1891 ‘domina
564 1849 571 1891 :
591 1838 672 1910 puto
685 1829 831 1911 puellam
842 1825 886 1910 (si
899 1828 1003 1910 probe
1015 1828 1159 1904 memini,
1173 1829 1322 1913 Psyches

220 1959 246 2007 ις
269 1931 403 1995 nomine
424 1931 559 2017 dicitur)
577 1932 696 1994 efflicte
720 1931 862 2013 cupere’
909 1941 990 1996 tunc
1013 1932 1186 2013 indignata
1203 1933 1322 1996 Venus

270 2034 468 2099 exclamauit
483 2036 537 2098 uel
553 2036 704 2112 maxime,
724 2036 896 2121 ‘Psychen
912 2035 976 2112 ille,
993 2056 1087 2100 meae
1103 2036 1231 2100 fonnae
1251 2056 1322 2099 suc-

270 2139 398 2216 cubam,
427 2139 493 2202 mei
522 2139 664 2203 nominis
695 2140 860 2203 aemulam
891 2160 970 2203 uere
998 2139 1112 2220 diligit.
1164 2139 1320 2203 nimirum

269 2242 350 2305 illud
372 2243 615 2306 incrementum
639 2244 749 2307 lenam
772 2263 826 2306 me
849 2243 988 2326 putauit,
1013 2243 1107 2306 cuius
1134 2252 1320 2307 monstratu

270 2347 415 2429 puellam
438 2347 527 2410 illam
551 2348 789 2429 cognosceret!

217 2483 246 2514 ω
313 2469 366 2531 29.
393 2452 476 2514 haec
499 2451 660 2534 quiritans
685 2452 871 2534 properiter
894 2452 1035 2534 emergit
1058 2473 1078 2515 e
1102 2452 1185 2514 mari
1212 2472 1321 2515 suum·

269 2575 334 2638 que
357 2555 509 2638 protinus
532 2575 668 2618 aureum
691 2555 874 2618 thalamum
898 2555 991 2638 petit,
1015 2565 1049 2618 et
1071 2565 1213 2638 reperto,
1234 2554 1321 2618 sicut

268 2659 428 2735 audierat,
443 2669 579 2740 aegroto
595 2679 700 2742 puero
716 2658 782 2722 iam
798 2658 875 2722 inde
892 2659 1051 2722 aioribus
1064 2679 1164 2742 quam
1177 2658 1320 2722 maxime

268 2763 382 2838 boans,
417 2763 597 2839 ‘honesta’
629 2762 745 2845 inquit,
781 2763 893 2840 ‘haec,
930 2771 964 2826 et
997 2762 1163 2826 natalibus
1197 2761 1320 2826 nostris

268 2866 443 2949 bonaeque
469 2876 547 2929 tuae
573 2867 664 2948 frugi
690 2867 931 2948 congruentia?
959 2876 995 2930 ut
1018 2866 1161 2949 primum
1184 2865 1319 2949 quidem

217 3002 244 3048 ης
268 2980 346 3034 tuae
372 2970 529 3052 parentis,
559 2971 659 3033 immo
687 2970 840 3034 dominae
867 2981 1047 3053 praecepta
1073 2969 1228 3046 calcareS,
1256 2989 1320 3034 nec

270 3075 409 3138 sordidis
444 3075 611 3138 amoribus
645 3073 812 3136 inimicam
848 3095 957 3137 meam
993 3073 1167 3150 cruciareS,
1202 3093 1319 3136 uerum

269 3178 368 3240 etiam
399 3179 462 3242 hoc
494 3179 612 3242 aetatis
643 3200 734 3262 puer,
763 3177 828 3242 tuis
859 3178 1039 3242 licentiosis
1069 3187 1104 3242 et
1134 3177 1319 3241 immaturis

269 3282 425 3364 iungeres
452 3283 667 3364 amplexibus,
693 3292 729 3346 ut
755 3303 819 3364 ego
846 3303 966 3345 nurum
992 3281 1118 3346 scilicet
1141 3281 1319 3346 tolerarem

269 3385 458 3449 inimicam?
504 3387 563 3449 sed
581 3387 695 3469 utique
717 3387 910 3468 praesumis,
931 3407 1023 3468 nugo
1042 3395 1075 3449 et
1093 3395 1267 3468 corruptor
1285 3394 1320 3448 et

216 3522 246 3566 30
269 3490 462 3566 inamabilis,
476 3501 510 3554 te
527 3491 633 3554 solum
650 3511 859 3572 generosum,
876 3511 938 3554 nec
955 3511 1008 3554 me
1020 3490 1086 3552 iarn
1103 3511 1163 3572 per
1174 3499 1319 3553 aetatem

269 3614 367 3676 posse
391 3595 574 3676 concipere.
629 3595 729 3657 uelim
753 3614 834 3676 ergo
858 3594 943 3657 scias
967 3594 1070 3657 multo
1092 3603 1125 3658 te
1149 3593 1318 3656 meliorem

269 3698 371 3760 hlium
399 3697 499 3760 alium
527 3697 722 3778 genituram,
747 3697 857 3773 immo,
887 3707 923 3761 ut
949 3697 1184 3761 contumeliam
1212 3695 1319 3778 magis
1377 3754 1386 3767 ,
