2934 4236
643 187 813 240 navarrus
1220 191 1282 259 ¹59

222 347 399 410 cacumine
415 345 463 410 sic
478 366 552 410 eam
569 345 716 428 grauiter
731 355 917 410 commotus
935 345 1087 410 adlatur:
1112 351 1194 428 'ego
1212 345 1280 429 qui·

221 450 309 526 dem,
328 449 575 531 simplicissima
593 451 732 536 Psyche,
750 449 898 532 parentis
917 469 1011 513 meae
1027 449 1169 514 Veneris
1189 471 1279 531 prae·

222 564 399 636 ceptorum
421 553 603 630 immemor,
621 573 707 644 quae
726 563 760 618 te
782 553 893 616 miseri
913 553 1116 636 extremique
1137 553 1279 618 hominis

222 657 417 720 deuinctam
441 657 598 740 cupidine
621 657 735 720 infimo
759 657 970 722 matrimonio
992 656 1101 720 addici
1129 657 1277 734 iusserat,

186 791 199 836 5
221 762 295 843 ipse
317 761 430 844 potius
453 771 582 824 amator
601 761 756 825 aduolaui
778 761 847 826 tibi
894 761 953 824 sed
977 761 1039 826 hoc
1063 761 1129 824 ieci
1152 761 1278 838 leuiter,

222 865 311 942 scio;
345 875 378 928 et
406 865 598 948 praeclarus
624 865 678 930 ille
706 866 906 948 sagittarius,
931 865 1002 948 ipse
1030 887 1083 928 me
1110 867 1176 929 telo
1204 887 1279 929 meo

222 971 385 1053 percussi,
406 980 506 1052 teque
530 969 706 1053 coniugem
731 990 840 1034 meam
864 969 938 1046 feci,
962 981 997 1034 ut
1022 970 1129 1033 bestia
1154 970 1279 1033 scilicet

221 1073 283 1136 tibi
302 1074 444 1150 uiderer,
461 1083 496 1137 et
519 1074 608 1138 ferro
631 1083 733 1157 caput
755 1073 924 1138 excideres
947 1095 1067 1150 meum,
1085 1073 1173 1156 quod
1197 1073 1279 1136 istos

222 1188 392 1241 amatores
403 1188 480 1241 tuos
496 1179 610 1242 oculos
625 1178 728 1261 gerit!
776 1179 858 1242 haec
873 1177 934 1242 tibi
949 1177 1130 1241 identidem
1147 1199 1279 1260 semper

173 1309 200 1342 ιο
222 1281 378 1345 cauenda
390 1282 578 1358 censebam,
593 1284 676 1346 haec
693 1282 846 1346 beniuole
862 1282 1085 1346 remonebam.
1129 1283 1187 1344 sed
1205 1282 1279 1345 illae

223 1385 360 1468 quidem
377 1385 615 1449 consiliatrices
631 1385 787 1468 egregiae
799 1395 877 1449 tuae
889 1395 957 1448 tam
972 1385 1147 1467 perniciosi
1162 1386 1279 1467 magis-

222 1488 300 1552 terii
315 1489 443 1552 dabunt
459 1498 608 1552 actutum
624 1488 705 1552 mihi
722 1509 866 1571 poenas;
890 1499 924 1552 te
943 1509 1023 1552 uero
1044 1499 1174 1552 tantum
1196 1490 1279 1572 luga

224 1614 302 1656 mea
332 1591 515 1674 puniuero’
568 1602 601 1656 et
631 1613 706 1656 curn
737 1592 880 1656 termino
911 1593 1072 1656 sermonis
1104 1593 1214 1675 pinnis
1245 1594 1278 1656 in

224 1697 329 1786 altum
355 1717 390 1759 se
414 1695 586 1779 proripuit.

174 1827 199 1872 ις
271 1817 324 1879 25.
354 1801 484 1884 Psyche
514 1821 594 1863 uero
627 1800 719 1862 humi
752 1811 918 1883 prostrata
947 1811 981 1864 et
1011 1812 1172 1883 quantum
1205 1801 1279 1864 uisu

226 1914 358 1986 poterat
374 1903 504 1966 uolatus
521 1903 630 1966 mariti
649 1904 858 1986 prospiciens
877 1905 1031 1968 extremis
1050 1904 1218 1986 affligebat
1238 1905 1279 1967 la·

226 2007 487 2070 mentationibus
503 2007 659 2070 animum.
703 2007 761 2070 sed
778 2007 834 2070 ubi
849 2008 988 2088 remigio
1001 2008 1133 2088 plumae
1146 2019 1277 2089 raptum

227 2111 381 2174 maritum
405 2110 588 2192 proceritas
612 2110 711 2193 spatii
734 2111 861 2174 fecerat
884 2110 1037 2185 alienum,
1059 2131 1119 2192 per
1140 2111 1280 2192 proximi

227 2214 371 2277 fluminis
394 2213 579 2295 marginem
607 2214 822 2296 praecipitem
851 2233 924 2276 sese
950 2214 1049 2276 dedit.
1106 2214 1163 2276 sed
1191 2215 1279 2276 mitis

173 2349 204 2380 ω
226 2317 356 2393 fluuius,
374 2317 408 2380 in
426 2317 586 2380 honorem
605 2317 659 2379 dei
679 2317 804 2380 scilicet
823 2317 880 2400 qui
899 2327 933 2380 et
951 2317 1041 2400 ipsas
1060 2339 1164 2400 aquas
1183 2339 1279 2381 urere

226 2421 409 2497 consueuit,
435 2431 589 2484 metuens
616 2420 687 2497 sibi,
715 2421 893 2484 confestim
923 2421 1159 2502 eaminnoxio
1190 2423 1280 2484 uolu-

227 2525 316 2588 mine
347 2545 448 2606 super
477 2524 584 2607 ripam
619 2525 792 2588 florentem
828 2525 939 2588 herbis
973 2525 1133 2608 exposuit.
1199 2534 1279 2588 tunc

226 2630 314 2693 forte
331 2630 400 2692 Pan
417 2629 500 2692 deus
516 2629 659 2692 rusticus
675 2629 766 2691 iuxta
782 2630 994 2713 supercilium
1011 2630 1118 2692 amnis
1131 2630 1278 2705 sedebat,
1350 2621 1355 2629 ’

227 2733 420 2815 complexus
435 2733 529 2795 Echo
546 2742 740 2795 montanam
756 2732 854 2795 deam
870 2753 1011 2815 eamque
1027 2732 1163 2796 uoculas
1179 2732 1280 2795 omni-

176 2865 203 2910 ας
227 2835 343 2898 modas
367 2835 512 2899 edocens
537 2835 712 2899 reccinere.
761 2837 908 2918 proxime
935 2836 1041 2918 ripam
1069 2856 1157 2917 uago
1181 2846 1279 2918 pastu

227 2939 405 3002 lasciuiunt
427 2959 557 3002 comam
580 2938 673 3001 fluuii
695 2940 872 3002 tondentes
896 2939 1053 3020 capellae.
1106 2937 1279 3002 hircuosus

228 3043 310 3106 deus
326 3031 473 3107 sauciam
495 3043 648 3128 Psychen
667 3052 768 3125 atque
788 3043 965 3118 defectam,
984 3053 1164 3125 utcumque
1183 3063 1279 3104 casus
1342 3049 1346 3056 “

228 3147 298 3210 eius
314 3168 382 3210 non
398 3146 531 3222 inscius,
549 3145 730 3210 clementer
745 3146 788 3208 ad
804 3167 841 3210 se
856 3156 1009 3210 uocatam
1027 3146 1073 3209 sic
1096 3147 1280 3228 permulcet
1298 3189 1303 3198 -

228 3250 338 3314 uerbis
365 3249 584 3314 lenientibus:
618 3249 749 3333 ‘puella
776 3249 902 3327 scitula,
927 3271 1001 3314 sum
1026 3251 1159 3332 quidem
1187 3248 1281 3312 rusti-

174 3385 204 3428 30
228 3375 331 3418 canus
353 3365 387 3417 et
406 3354 517 3435 upilio,
536 3355 595 3417 sed
616 3354 799 3418 senectutis
818 3354 964 3436 prolixae
983 3355 1144 3417 beneficio
1167 3352 1279 3417 multis

228 3457 463 3540 experimentis
479 3457 667 3521 instructus.
715 3478 840 3534 uerum,
859 3457 887 3521 si
905 3469 994 3520 rect:
1014 3457 1172 3531 coniecto,
1190 3456 1280 3538 quod

228 3563 381 3643 profecto
400 3560 582 3644 prudentes
601 3561 664 3624 uiri
687 3561 926 3624 diuinationem
950 3568 1134 3636 autumant,
1152 3558 1193 3622 ab
1216 3557 1280 3622 isto
