2934 4236
205 305 265 354 122
465 302 675 350 FRAGMENTS
698 301 743 350 OF
766 301 892 350 ROMAN
917 301 1043 350 SATIRE

254 478 340 533 men,
364 467 421 521 aut
451 457 557 520 uisam
588 458 770 521 timuerunt
796 458 933 521 calcare.
981 477 1060 521 ecce
1090 457 1169 521 belli
1199 457 1307 521 ciuilis

253 560 372 642 ingens
399 582 485 643 opus
512 561 661 643 quisquis
687 561 841 641 attigerit,
868 561 930 623 nisi
958 561 1077 643 plenus
1105 561 1217 636 literis,
1243 561 1307 624 sub

253 685 353 728 onere
377 664 515 728 labetur.
562 685 629 728 non
653 664 741 728 enim
765 683 819 727 res
843 678 959 744 gestae
982 664 1134 727 uersibus
1158 685 1308 746 compre-

254 768 451 832 hendendae
479 777 565 844 sunt,
590 768 678 850 quod
710 769 809 848 longe
837 767 956 830 melius
987 767 1135 830 historici
1165 767 1306 844 iaciunt,

176 925 180 932 .
214 901 228 948 5
253 873 312 935 sed
339 892 399 953 per
425 872 585 952 ambages
612 871 816 953 deorumque
843 871 1026 934 ministeria
1052 881 1086 934 et
1112 871 1306 934 fabulosum

252 975 491 1038 sententiarum
513 984 715 1038 tormentum
740 975 1009 1055 praecipitandus
1033 984 1084 1038 est
1108 974 1190 1038 liber
1213 975 1308 1056 spiri-

252 1090 315 1154 tus,
333 1089 369 1142 ut
392 1078 502 1161 potius
526 1078 667 1141 furentis
686 1078 786 1140 animi
807 1077 999 1141 uaticinatio
1019 1089 1182 1160 appareat
1203 1099 1306 1161 quam

253 1183 428 1265 religiosae
444 1183 601 1247 orationis
618 1182 679 1245 sub
696 1181 837 1245 testibus
854 1181 952 1245 fides:
972 1192 1132 1264 tanquam
1149 1183 1178 1245 si
1193 1183 1307 1264 placet

254 1287 305 1351 hic
322 1288 476 1370 impetus
493 1287 593 1350 etiam
610 1286 638 1349 si
654 1287 802 1348 nondum
819 1286 945 1369 recepit
961 1286 1110 1349 ultimam
1127 1289 1280 1350 manum'

202 1509 237 1563 So
251 1510 399 1578 Eumolpus
407 1511 534 1579 proceeds
547 1509 607 1561 wia
620 1509 660 1562 lis
673 1510 757 1562 model
768 1527 852 1578 poem.
884 1510 937 1562 But
949 1509 1037 1579 before
1049 1511 1112 1580 loup
1125 1511 1165 1563 tlte
1178 1527 1307 1581 uopapers

252 1606 324 1650 enter
335 1598 441 1661 Croton,
455 1598 510 1649 aud
520 1605 571 1666 put
583 1597 650 1649 tltet'r
660 1598 761 1649 scheme
774 1597 828 1649 iata
840 1597 986 1666 successful
998 1597 1142 1666 operation.

201 1751 228 1783 10
295 1741 370 1784 cum
402 1721 484 1784 haec
513 1720 701 1801 Eumolpos
731 1719 861 1800 ingenti
891 1719 1099 1783 uolubilitate
1123 1720 1305 1784 uerborum

252 1824 435 1898 effudisset,
467 1825 603 1888 tandem
635 1825 780 1888 Crotona
814 1823 1019 1887 intrauimus.
1078 1824 1135 1888 ubi
1167 1824 1305 1907 quidem

252 1949 355 2010 paruo
377 1928 567 1991 deuersorio
588 1927 713 2002 reiecti,
732 1937 866 2008 postero
882 1928 935 1991 die
953 1928 1124 2010 amplioris
1148 1929 1304 1992 fortunae

251 2032 387 2096 domum
404 2041 602 2114 quaerentes
623 2030 798 2094 incidimus
819 2031 852 2093 in
876 2032 1007 2094 turbam
1031 2032 1304 2114 heredipetarum

252 2137 499 2210 sciscitantium,
528 2136 617 2219 quod
643 2156 749 2216 genus
777 2135 947 2198 hominum
975 2146 1033 2198 aut
1060 2136 1149 2199 unde
1176 2137 1306 2200 uenire-

201 2272 227 2318 ις
251 2261 332 2303 mus.
380 2261 420 2303 ex
437 2241 641 2322 praescripto
657 2259 737 2321 ergo
754 2239 883 2302 consilii
898 2240 1084 2303 communis
1100 2251 1305 2322 exaggerata

251 2345 428 2408 uerborum
442 2344 656 2419 uolubilitate,
671 2343 759 2406 unde
776 2353 833 2406 aut
850 2343 906 2426 qui
922 2364 1081 2420 essemus
1096 2345 1186 2406 haud
1202 2344 1304 2408 dubie

251 2448 462 2512 credentibus
485 2447 713 2511 iudicauimus.
761 2447 818 2529 qui
841 2447 951 2510 statim
973 2469 1055 2530 opes
1074 2469 1152 2511 suas
1172 2469 1304 2512 summo

250 2573 326 2617 cum
342 2552 522 2616 certamine
538 2552 571 2615 in
589 2552 791 2633 Eumolpum
809 2563 1059 2634 congesserunt.

293 2657 443 2720 certatim
469 2676 585 2719 omnes
611 2656 827 2738 heredipetae
851 2656 1043 2719 muneribus
1070 2656 1213 2738 gratiam
1238 2659 1304 2722 Eu-

198 2795 226 2826 20
250 2761 353 2844 molpi
371 2760 548 2825 sollicitant

200 2977 252 3029 But
271 2977 311 3029 tlte
330 2977 412 3029 urata
431 2976 467 3045 of
482 2975 601 3045 Priapus
619 2975 674 3028 still
691 2993 805 3045 pursues
826 2976 975 3045 Encolpius
997 2977 1104 3045 tltrouplr
1124 2976 1164 3028 leis
1184 2985 1303 3045 aneatory

250 3065 405 3116 adventures
420 3064 448 3115 in
464 3062 569 3126 Croton,
583 3064 638 3115 and
654 3064 694 3114 tlte
711 3071 826 3131 excerpts
843 3063 922 3115 break
937 3063 980 3131 off
990 3063 1094 3115 without
1108 3080 1162 3130 any
1173 3063 1232 3131 sipn
1248 3064 1303 3115 titul

250 3153 290 3204 tlte
303 3160 373 3220 story
385 3151 438 3203 will
450 3168 508 3203 euer
520 3168 589 3204 come
602 3159 626 3203 to
638 3167 675 3202 au
687 3151 747 3202 end.
