2926 4232
196 263 239 325 24
459 253 669 302 FRAGMENTS
692 253 736 302 OF
760 253 886 301 ROMAN
909 254 1035 302 SATIRE

196 415 281 492 54*
855 459 861 471 .
887 459 893 472 .
919 459 925 472 .
952 410 1061 491 legem

284 515 427 578 uitemus
446 513 554 578 Licini
1052 554 1125 608 Gell.
1141 556 1178 608 11,
1193 569 1237 620 24·
1255 569 1300 606 10,

556 667 609 720 Tae
621 669 683 720 dael
696 668 731 737 of
737 669 777 720 tle
789 668 942 738 gladiatore.

197 799 251 861 55.
285 779 494 844 Aeserninus
510 777 583 853 fuit,
602 779 798 841 Flaccorum
815 799 961 854 munere,
979 779 1112 861 quidam

285 883 428 958 Samnis,
446 902 586 964 spurcus
603 882 710 957 hom0‚
728 882 796 945 uita
812 882 868 944 illa
884 882 1005 963 dignus
1022 883 1179 965 iocoque;

285 1008 360 1050 cum
379 985 575 1048 Pacideiano
592 986 809 1066 componitur,
828 986 972 1067 optimus
989 987 1092 1049 multo

285 1099 362 1173 post
378 1089 529 1152 homines
546 1099 642 1151 natos
659 1089 822 1169 gladiator
838 1088 894 1170 qui
911 1089 974 1151 luit
990 1110 1084 1151 unus.

528 1192 601 1242 Non.
616 1205 675 1258 393.
689 1204 738 1256 25;
760 1203 819 1258 257·
836 1203 882 1255 143
903 1189 959 1243 Cic.
976 1190 1033 1258 Ope.
1050 1190 1116 1242 Gen.
1133 1191 1178 1242 Or.
1194 1205 1234 1256 17,
1247 1199 1299 1244 etc.

421 1369 604 1422 Pacideianus
618 1377 697 1420 alters
709 1369 851 1422 tristarer
863 1369 898 1437 of
904 1369 1078 1422 Aeserninus.

199 1484 253 1561 56.
266 1481 435 1544 *occidam
467 1480 559 1542 illum
590 1479 743 1562 equidem
775 1489 808 1541 et
839 1479 980 1555 uincam,
1010 1480 1038 1542 si
1068 1480 1100 1541 id
1131 1481 1299 1563 quaeritis

373 1583 497 1665 inquit:

287 1709 403 1751 uerum
420 1687 501 1749 illud
518 1687 616 1750 credo
633 1688 724 1749 lore:
749 1687 782 1749 in
798 1707 835 1750 os
852 1687 943 1769 prius
960 1688 1121 1769 accipiam
1138 1689 1217 1770 ipse,

288 1812 388 1874 quarn
405 1791 551 1872 gladium
569 1791 602 1852 in
620 1792 792 1853 stomacho
809 1791 875 1853 iuri
891 1811 929 1854 ac
946 1792 1158 1872 pulmonibus
1175 1792 1263 1855 sisto.

288 1896 343 1958 odi
359 1895 536 1969 hominem,
554 1895 656 1957 iratus
673 1914 807 1975 pugno;
832 1915 894 1956 nec
910 1894 1042 1975 longius
1059 1895 1235 1977 quicquam

241 2025 254 2078 5
289 1999 394 2074 nobis,
412 2019 512 2080 quam
529 1999 663 2060 dextrae
680 1998 827 2078 gladium
844 1999 924 2060 dum
940 1999 1169 2061 accommodet
1185 2000 1276 2061 alter.

289 2122 394 2184 usque
411 2102 495 2164 adeo
512 2102 619 2164 studio
636 2111 735 2183 atque
752 2101 827 2164 odio
844 2101 930 2163 illius
947 2103 1076 2164 ecferor
1091 2102 1147 2164 ira.

630 2202 688 2256 Cic.
707 2202 786 2254 Taso.
802 2203 852 2254 lV.
868 2217 916 2268 213
939 2203 1015 2256 Seru.
1030 2202 1058 2255 in
1072 2204 1144 2256 Aea.
1158 2204 1224 2256 Xll.
1240 2203 1302 2268 646.

442 2383 497 2436 Tae
508 2391 650 2452 spectatore
663 2383 764 2434 discuss
777 2383 818 2434 tlte
831 2383 932 2452 coming
945 2383 1062 2452 conflict.

203 2498 287 2577 57.*
643 2543 649 2555 .
676 2543 681 2555 .
709 2543 714 2555 .
741 2493 892 2574 quamuis
908 2493 1016 2555 bonus
1033 2493 1104 2574 ipse

292 2599 424 2664 Samnis
440 2598 474 2660 in
490 2598 568 2660 ludo
585 2617 623 2659 ac
640 2597 776 2658 rudibus
792 2595 897 2658 cuiuis
914 2597 993 2658 satis
1010 2617 1116 2678 asper.

1000 2697 1058 2750 Cic.
1073 2699 1115 2750 De
1131 2699 1177 2750 Or.
1193 2700 1244 2752 Ill.
1260 2699 1304 2752 86.

309 2811 476 2880 Apparently
489 2810 654 2862 Aeserninus
667 2810 762 2861 turned
776 2810 816 2860 rte
829 2809 909 2860 tolles
922 2827 993 2877 upon
1005 2809 1198 2862 Pacideianus.

204 2925 259 3002 58.
340 2919 545 3004 [Pompeius
569 2921 597 2982 si
621 2919 797 2984 Gabinium
823 2939 1043 2995 accusassem,
1064 2920 1097 2982 in
1121 2921 1237 2983 urbem
1260 2922 1307 2983 in-

291 3026 441 3101 troisset;
470 3025 512 3086 ad
536 3023 723 3086 inimicitias
747 3043 799 3084 res
823 3023 987 3097 uenisset;
1016 3044 1091 3086 curn
1115 3025 1306 3088 Aesernino

293 3129 443 3194 Samnite
464 3127 681 3190 Pacideianus
705 3136 917 3208 comparatus
938 3127 1076 3190 uiderer.
1124 3128 1306 3191 auriculam

216 3300 217 3303 ,
292 3235 435 3296 fortasse
451 3232 616 3295 mordicus
633 3231 831 3294 abstulisset.
959 3262 1016 3316 Cic,
1033 3263 1081 3324 aa.
1097 3263 1144 3314 Fr.
1161 3266 1211 3317 ΠΙ,
1225 3279 1249 3330 4·
1264 3269 1303 3338 2.]

496 3420 544 3473 Aa
557 3421 700 3487 unusualiy
713 3420 759 3470 tall
772 3420 828 3470 aad
841 3419 896 3470 tlzia
908 3437 1011 3486 person.

101 3587 106 3600 .
206 3551 260 3613 59.
293 3532 423 3614 longior
440 3531 493 3594 hic
510 3551 609 3613 quam
626 3551 706 3611 grus
722 3549 826 3611 grege
843 3529 973 3592 concita
989 3550 1065 3591 curn
1082 3531 1172 3593 uolat
1188 3531 1275 3594 olim.

1096 3634 1171 3685 Non.
1186 3633 1247 3684 208.
1265 3633 1307 3685 16.
