2926 4232
629 308 788 359 LVCILIVS

414 463 485 518 Now
498 466 537 517 tlte
550 481 609 516 mon
622 464 646 516 is
658 465 795 516 measurerl
807 464 838 532 ly
850 464 890 515 lais
903 464 1001 515 wealtl.

158 589 231 668 198.
265 607 382 650 aurum
399 588 508 670 adque
525 587 660 650 ambitio
677 587 846 668 specimen
864 587 994 649 uirtutis
1011 587 1177 669 uiriquest.

264 701 427 774 quantum
444 691 578 766 habeas,
595 701 725 754 tantum
743 691 813 771 ipse
831 690 896 752 sies
911 690 1060 772 tantique
1078 691 1239 753 habearis.

770 796 861 851 Schol.
876 797 904 849 in
918 797 1013 848 quen.
1029 813 1055 865 3.
1074 811 1137 862 1423
1161 811 1181 848 1.
1199 797 1257 850 106.

157 966 189 1032 Q.
215 967 327 1019 Mucius
353 966 488 1029 Scaevola,
510 975 668 1034 propraetor
693 966 728 1034 os
746 965 816 1016 Asia
840 966 868 1016 in
895 969 943 1014 121
970 973 1031 1028 AC,
1057 966 1112 1016 tells
1136 967 1199 1028 low,
1225 985 1258 1018 on

263 1055 303 1106 lle
323 1072 380 1121 way
399 1064 423 1104 lo
443 1054 482 1106 lis
500 1054 634 1122 province,
654 1055 683 1104 le
705 1054 800 1104 turned
822 1053 861 1104 tlte
882 1053 962 1119 louplt
986 1069 1055 1120 upon
1079 1053 1108 1103 Τ.
1129 1053 1259 1104 Albucius

261 1141 312 1209 sor
332 1142 372 1192 lis
394 1141 481 1192 Greek
502 1141 667 1209 affectatione
688 1140 719 1208 hy
737 1139 854 1207 saluliup
872 1139 924 1190 lu'm
947 1139 973 1189 in
995 1139 1097 1190 Athens
1119 1139 1148 1190 in
1173 1140 1260 1192 Greek·

264 1228 367 1280 instead
382 1229 416 1296 os
429 1227 517 1279 Latin.

157 1370 230 1431 199.
265 1352 429 1415 Graecum
445 1361 487 1427 te,
503 1352 634 1427 Albuci,
648 1371 748 1433 quam
768 1352 956 1414 Romanum
973 1359 1073 1433 atque
1087 1349 1256 1425 Sabinum,

264 1456 465 1536 municipem
485 1456 589 1530 Ponti,
607 1455 744 1530 Tritani,
762 1454 1002 1529 centurionum,

264 1561 508 1640 praeclarorum
527 1560 697 1622 hominum
715 1581 753 1622 ac
770 1561 951 1641 primorum
969 1559 1232 1641 signiferumque

264 1663 407 1725 maluisti
424 1664 496 1726 dici.
545 1665 671 1727 Graece
688 1684 768 1744 ergo
785 1674 918 1745 praetor
934 1663 1088 1738 Athenis,

214 1793 227 1846 ς
262 1766 296 1829 id
312 1767 401 1848 quod
418 1767 571 1842 maluisti,
589 1777 631 1842 te,
649 1767 784 1830 eumad
802 1788 855 1830 me
871 1767 1011 1842 accedis,
1029 1768 1155 1830 saluto:

266 1871 397 1954 “χαῖρε,’
418 1871 563 1953 inquam,
585 1871 918 1946 ‘Tite!’—lict0res,
939 1881 1048 1933 turma
1069 1872 1186 1946 omniS,
1207 1893 1258 1934 co-

351 1975 505 2057 horsque,

265 2075 428 2161 ’χαίρετεὶ
442 2079 537 2141 '—et
550 2078 627 2141 hinc
641 2079 745 2142 hostis
758 2078 802 2140 mi
813 2079 985 2153 Albucius
998 2079 1074 2142 hinc
1087 2079 1255 2142 inimicus!

1000 2186 1058 2240 Cic.
1074 2186 1138 2237 Fin.
1154 2187 1176 2238 1.
1192 2201 1217 2254 3.
1233 2186 1257 2238 8.

296 2345 425 2398 Scaevola
435 2345 546 2414 surtlrer
557 2346 673 2398 salirizes
688 2346 826 2398 Albucius*
839 2347 944 2399 niceties
957 2346 1117 2416 osrltetoric.

154 2486 230 2534 200.
263 2489 364 2551 quam
380 2468 490 2550 lepide
506 2464 608 2547 λέξεις
624 2480 814 2550 conpostae,
833 2479 869 2532 ut
885 2470 1077 2545 tesserulae,
1095 2490 1210 2533 omnes

263 2582 334 2635 arte
350 2572 535 2654 pauimenti
551 2583 651 2654 atque
667 2573 876 2636 emblematis
892 2573 1117 2636 uermiculati!

424 2681 482 2735 Cic.
498 2682 539 2734 De
555 2682 601 2733 Or.
618 2684 669 2734 111.
688 2696 751 2749 171;
774 2682 820 2734 Or.
839 2697 902 2752 1493
923 2683 1000 2734 Brut.
1016 2697 1083 2749 2743

424 2771 497 2822 Non.
511 2769 567 2821 188.
579 2783 628 2834 243
648 2769 740 2838 Quint.
753 2771 800 2822 lX.
813 2784 876 2837 1¹33
895 2769 964 2822 Plin.
976 2770 1012 2822 N.
1025 2770 1061 2822 H.
1072 2771 1204 2824 XXXVI.
1215 2785 1256 2840 ²5·

495 3003 614 3055 Atleism
627 3004 700 3056 leode
713 3013 737 3056 to
751 3005 917 3072 immorality.

153 3145 229 3192 201.
311 3121 409 3210 [quid
430 3126 472 3189 de
494 3127 673 3209 sacrilegis,
694 3128 773 3210 quid
795 3129 837 3190 de
858 3127 957 3209 inpiis
981 3127 1189 3210 periurisque
1214 3128 1257 3189 di-

263 3231 400 3294 cemus?
870 3283 876 3296 .
967 3283 973 3296 .

685 3283 837 3346 Tubulus
851 3304 878 3346 sr
893 3284 1016 3347 Lucrus
1029 3304 1195 3366 umquam,

315 3386 343 3450 si
356 3387 474 3468 Lupus
487 3397 543 3450 aut
557 3387 674 3462 Carbo,
691 3387 843 3468 Neptuni
855 3387 941 3450 lilius

263 3555 301 3608 ut
319 3545 365 3608 ait
386 3545 543 3621 Lucilius,
561 3555 712 3627 putasset
731 3565 805 3608 esse
826 3546 916 3621 deos,
933 3555 1002 3609 tam
1025 3546 1177 3628 periurus
1200 3555 1257 3608 aut

263 3659 332 3713 tam
345 3650 484 3731 inpurus
497 3650 639 3712 fuisset?
973 3690 1032 3744 Cic·
1049 3691 1088 3742 N·
1104 3691 1140 3741 D*
1157 3689 1252 3758 1.63.]
