2934 4236
656 271 825 322 arvcmvs
1234 264 1294 342 167

238 427 298 490 sed
314 437 430 490 contra
446 429 652 492 uoluntatem
669 429 819 504 Veneris,
837 449 941 492 nurus
962 450 1065 505 meac,
1084 451 1184 512 quarn
1206 430 1292 493 filiae

238 533 371 613 semper
388 531 486 596 dilexi
502 533 583 609 loc0,
602 541 773 615 praestare
792 553 845 596 me
865 533 972 614 pudor
993 554 1059 596 non
1079 534 1164 596 sinit.
1212 544 1292 597 tunc

238 636 338 700 etiam
363 636 503 718 legibus,
521 656 606 718 quae
631 657 746 699 seruos
771 637 896 700 alienos
920 638 1080 719 perfugas
1103 638 1215 701 inuitis
1238 639 1293 702 do

238 741 335 805 minis
351 750 467 828 uetant
485 741 617 822 suscipi,
636 739 833 822 prohibeor.’

198 873 213 921 5
281 863 313 925 5.
339 846 403 909 isto
431 866 564 928 quoque
587 845 741 908 fortunae
763 846 939 927 naufragio
964 847 1092 932 Psyche
1116 847 1292 929 perterrita

186 985 192 991 ·
237 970 300 1013 nec
326 950 481 1033 indipisci
508 950 573 1013 iam
601 950 756 1012 maritum
784 950 969 1022 uolatilem
983 950 1100 1038 quiens
1130 961 1201 1013 tota
1232 971 1292 1033 spe

238 1055 353 1118 salutis
385 1054 538 1136 deposita
569 1053 616 1118 sic
647 1053 719 1136 ipsa
751 1075 828 1117 suas
859 1054 1076 1136 cogitationes
1107 1055 1291 1118 consuluit:

239 1158 321 1220 ‘iam
353 1179 439 1242 quae
472 1139 614 1240 possunt
645 1157 709 1220 alia
739 1157 822 1220 meis
853 1158 1020 1221 aerumnis
1050 1158 1208 1240 temptari
1238 1159 1292 1222 uel

237 1262 387 1326 adhiberi
411 1261 567 1338 subsidia,
593 1261 647 1325 cui
670 1281 732 1324 nec
757 1262 895 1324 dearum
921 1261 1064 1344 quidem,
1089 1283 1291 1345 quamquam

184 1395 212 1428 ιο
236 1366 428 1441 nolentium,
448 1376 629 1448 potuerunt
645 1366 806 1448 prodesse
828 1366 1012 1447 suffragia?
1058 1386 1216 1448 quorsum
1235 1366 1292 1429 ita·

186 1505 187 1510 κ
236 1490 301 1552 que
317 1469 418 1533 tantis
436 1470 563 1552 laqueis
580 1470 708 1533 inclusa
720 1469 898 1551 uestigium
915 1469 1091 1551 porrigam,
1105 1469 1291 1552 quibusque

235 1573 332 1637 tectis
363 1573 416 1638 uel
447 1574 546 1637 etiam
577 1573 723 1637 tenebris
754 1573 949 1636 abscondita
980 1594 1122 1655 magnae
1149 1574 1291 1637 Veneris

236 1677 444 1741 ineuitabiles
476 1678 589 1740 oculos
623 1677 810 1758 effugiam?
856 1676 935 1759 quin
972 1677 1073 1758 igitur
1106 1677 1290 1740 masculum

235 1782 371 1845 tandem
390 1781 492 1844 sumis
508 1781 665 1856 animum,
683 1790 717 1844 et
733 1801 848 1843 cassae
865 1780 1019 1862 speculae
1039 1781 1211 1843 renuntias
1227 1782 1291 1843 for-

183 1915 211 1962 ις
235 1885 321 1961 titer,
340 1895 373 1948 et
401 1885 586 1948 ultroneam
610 1894 643 1947 te
667 1883 822 1947 dominae
845 1893 922 1946 tuae
945 1884 1065 1959 reddis,
1083 1894 1117 1947 et
1139 1884 1193 1947 uel
1217 1905 1290 1947 sera

237 1989 399 2053 modestia
424 1988 612 2051 saeuientes
639 1987 784 2070 impetus
812 1987 882 2050 eius
910 1987 1065 2068 mitigas?
1111 1987 1167 2070 qui
1194 1989 1288 2064 scias,

236 2113 278 2154 an
300 2092 399 2156 etiam
424 2111 523 2175 quem
547 2091 602 2154 diu
627 2091 794 2174 quaeritas
817 2091 882 2154 illic
906 2091 939 2153 in
964 2091 1063 2154 domo
1083 2092 1197 2154 matris
1219 2113 1289 2174 rep-

236 2197 388 2279 peries?'
447 2196 493 2259 sic
517 2196 558 2258 ad
583 2195 720 2258 dubium
744 2194 950 2276 obsequium,
968 2195 1068 2256 immo
1096 2196 1138 2258 ad
1162 2206 1289 2258 certum

235 2301 369 2363 exitium
387 2308 586 2382 praeparata
602 2299 801 2381 principium
823 2299 956 2361 futurae
977 2319 1090 2361 secum
1111 2299 1290 2362 meditaba-

183 2438 212 2470 ω
235 2413 289 2466 tur
305 2403 551 2467 obsecrationis.

278 2509 311 2574 6.
337 2517 372 2571 at
394 2509 512 2572 Venus
538 2507 678 2570 terrenis
702 2507 855 2570 remediis
887 2507 1107 2589 inquisitionis
1139 2507 1289 2570 abnuens

235 2613 364 2676 caelum
382 2611 473 2694 petit.
521 2610 612 2674 iubet
628 2611 775 2674 construi
791 2631 923 2674 currum
949 2632 1049 2693 quem
1070 2611 1101 2673 ei
1117 2611 1289 2674 Vulcanus

236 2716 363 2779 aurifex
380 2715 492 2778 subtili
508 2715 635 2778 fabrica
652 2714 798 2778 studiose
818 2715 981 2797 poliuerat
1000 2725 1033 2777 et
1052 2725 1129 2777 ante
1151 2715 1290 2777 thalami

235 2820 459 2883 rudimentum
483 2818 632 2900 nuptiale
656 2839 777 2881 munus
801 2818 975 2894 obtulerat,
999 2818 1097 2880 limae
1121 2819 1288 2882 tenuantis

182 2957 210 3004 25
235 2924 433 2987 detrimento
455 2922 673 3005 conspicuum
689 2932 723 2985 et
738 2921 842 3004 ipsius
862 2921 933 2984 auri
951 2923 1074 2984 damno
1096 2922 1285 3003 pretiosum.

235 3029 276 3090 de
293 3027 405 3090 multis
425 3047 510 3110 quae
530 3026 617 3090 circa
639 3026 827 3089 cubiculum
849 3025 1003 3089 dominae
1027 3026 1196 3088 stabulant
1217 3048 1288 3108 pro

235 3132 359 3196 cedunt
383 3140 539 3213 quattuor
563 3130 724 3194 candidae
749 3130 930 3205 columbae,
956 3139 990 3192 et
1017 3129 1129 3212 hilaris
1156 3129 1288 3192 incessi-

234 3237 297 3300 bus
324 3235 414 3318 picta
442 3235 526 3298 colla
553 3243 746 3316 torquentes
774 3233 888 3315 iugum
916 3254 1106 3314 gemmeum
1134 3234 1286 3310 subeunt,

235 3351 458 3423 susceptaque
490 3338 624 3402 domina
654 3338 760 3401 laetae
791 3338 977 3400 subuolant.
1039 3359 1170 3401 currum
1205 3338 1287 3401 deae

181 3475 211 3521 30
235 3454 477 3529 prosequentes
502 3442 641 3525 gannitu
669 3441 896 3523 constrepenti
922 3441 1037 3504 lasciui
1067 3451 1103 3504 ut
1134 3463 1287 3523 passeres

235 3560 269 3613 et
299 3558 431 3613 ceterae
458 3567 544 3630 quae
571 3546 667 3609 dulce
694 3545 858 3608 cantitant
884 3565 964 3608 aues
991 3545 1117 3608 melleis
1145 3546 1286 3608 modulis

236 3672 340 3716 suane
361 3660 556 3715 resonantes
579 3651 760 3712 aduentum
784 3649 867 3711 deae
891 3649 1116 3730 pronuntiant.
1164 3650 1287 3712 cedunt
