2934 4236
246 319 304 398 148
505 329 716 380 rnnouums
739 328 784 378 on
808 330 934 380 nouam
957 329 1083 378 sanus

294 487 423 564 moriar,
441 509 541 570 quam
557 498 614 550 tuo
631 487 694 551 isto
711 487 902 550 dulcissimo
918 486 1060 550 conubio
1081 507 1221 550 caream.
1270 509 1360 550 amo

294 592 382 654 enim
399 602 432 654 et
448 591 593 654 efflictim
611 601 652 666 te,
671 592 870 673 quicumque
886 611 931 666 eS,
946 590 1048 672 diligo
1065 601 1164 672 atque
1181 601 1217 654 ut
1234 612 1357 654 meum

295 695 455 778 spiritum,
478 706 541 758 ¹nec
565 695 629 776 ipsi
653 695 810 776 Cupidini
833 715 998 776 comparo.
1046 695 1105 757 sed
1132 695 1221 758 istud
1244 696 1356 758 etiam

295 799 377 862 meis
401 799 563 880 precibus
588 819 654 872 oro,
680 797 809 879 largire,
830 808 863 860 et
886 798 933 860 illi
955 808 1013 862 tuo
1036 799 1164 861 famulo
1188 791 1356 883 Zephyro

257 933 270 979 5
296 903 460 985 praecipe,
489 901 586 964 simili
616 912 752 964 uectura
783 922 913 964 sorores
944 901 996 964 hic
1028 902 1110 964 mihi
1140 901 1253 965 sistat.¹
1315 916 1356 966 et

264 1035 267 1043 ·
295 1007 488 1087 imprimens
505 1007 618 1068 oscula
635 1006 790 1080 suasoria,
808 1015 841 1068 et
857 1005 1013 1086 ingerens
1032 1006 1136 1068 uerba
1155 1007 1352 1082 mulcentia,

295 1120 328 1172 et
358 1110 500 1190 iungens
531 1110 679 1172 membra
711 1108 908 1184 cohibentia,
934 1110 1016 1172 haec
1047 1109 1146 1172 etiam
1176 1110 1355 1173 blanditiis

295 1215 420 1288 astruit,
455 1213 517 1275 ‘mi
548 1213 680 1288 mellite,
712 1213 757 1274 mi
787 1213 912 1287 marite,
944 1223 1021 1275 tuae
1059 1214 1209 1297 Psychae
1240 1215 1354 1277 dulcis

295 1317 425 1379 anima.'
472 1317 506 1378 ui
526 1337 564 1380 ac
589 1325 753 1398 potestate
777 1317 908 1378 ueneris
934 1337 1062 1392 usurus,
1085 1317 1209 1380 inuitus
1233 1338 1354 1380 succu-

245 1451 272 1482 ιο
295 1421 366 1483 buit
397 1421 542 1496 maritus
571 1430 604 1482 et
631 1430 750 1483 cuncta
777 1440 812 1482 se
839 1421 1004 1483 facturum
1032 1421 1221 1521 spopondit,
1246 1432 1354 1503 atque

296 1525 361 1587 iam
377 1526 450 1587 luce
467 1534 685 1606 proxumante
701 1525 742 1587 de
760 1524 912 1586 manibus
928 1524 1038 1586 uxoris
1054 1525 1197 1587 euanuit.

340 1646 371 1706 7.
398 1638 432 1690 at
462 1628 536 1690 illae
564 1648 694 1690 sorores
725 1637 940 1709 percontatae
968 1628 1142 1709 scopulum
1170 1629 1354 1710 locumque

296 1733 388 1795 illum
410 1753 475 1814 quo
492 1733 601 1794 luerat
623 1732 750 1814 Psyche
772 1731 913 1806 deserta,
931 1731 1130 1794 festinanter
1153 1732 1352 1807 adueniunt,

297 1837 407 1918 ibique
423 1836 590 1898 deflebant
610 1836 731 1910 oculos,
749 1845 782 1897 et
799 1834 1005 1916 plangebant
1024 1835 1135 1910 ubera,
1153 1837 1262 1916 quoad
1282 1857 1355 1898 cre-

246 1969 271 2014 15
296 1940 364 2002 bris
391 1960 505 2002 earum
529 1939 728 2002 heiulatibus
755 1959 835 2001 saxa
858 1948 1040 2020 cautesque
1064 1939 1202 2020 parilem
1227 1959 1353 2002 sonum

297 2045 503 2106 resultarent.
551 2043 683 2124 iamque
708 2041 841 2104 nomine
861 2042 994 2122 proprio
1021 2062 1168 2105 sororem
1192 2043 1353 2104 miseram

297 2147 438 2223 ciebant,
452 2147 562 2229 quoad
575 2167 656 2210 sono
670 2145 867 2228 penetrabili
880 2146 971 2208 uocis
984 2145 1149 2208 ululabilis
1166 2166 1226 2227 per
1242 2167 1353 2227 prona

297 2252 434 2332 delapso
459 2271 574 2314 amens
597 2260 630 2314 et
652 2250 784 2331 trepida
807 2250 935 2333 Psyche
956 2250 1119 2330 procurrit
1141 2270 1158 2312 e
1178 2250 1351 2325 dom0,·et,

300 2355 416 2437 ‘quid,’
442 2355 557 2437 inquit,
576 2359 657 2420 ‘uos
679 2353 807 2416 miseris
831 2353 1122 2415 lamentationibus
1146 2353 1352 2434 nequiquam

246 2488 275 2520 κο
298 2459 464 2539 effligitis?
496 2479 595 2540 quam
621 2457 750 2539 lugetis,
776 2457 901 2518 adsum.
958 2457 1116 2537 lugubres
1141 2477 1241 2519 uoces
1266 2458 1354 2518 desi-

298 2563 375 2636 nite,
393 2571 426 2624 et
442 2561 577 2624 diutinis
593 2561 736 2624 lacrimis
753 2561 925 2622 madentes
942 2579 1046 2640 genas
1063 2560 1183 2622 siccate
1201 2560 1351 2635 tandem,

298 2665 422 2748 quippe
439 2686 514 2728 cum
530 2665 595 2726 iam
612 2665 745 2746 possitis
762 2685 861 2746 quam
879 2663 1090 2744 plangebatis
1107 2664 1283 2745 amplectt’
1350 2653 1353 2658 ’

341 2779 420 2832 tunc
452 2779 606 2832 uocatum
631 2769 823 2851 Zephyrum
855 2767 1027 2848 praecepti
1053 2767 1213 2829 maritalis
1240 2768 1354 2832 admo·

298 2883 363 2936 net.
421 2893 482 2936 nec
510 2893 612 2947 mora,
641 2893 715 2934 cum
743 2871 796 2933 ille
827 2891 949 2952 parens
980 2870 1118 2952 imperio
1150 2871 1260 2933 statim
1289 2873 1354 2935 cle·
1409 2941 1418 2948 g

247 3002 274 3046 25
299 2976 511 3038 mentissimis
528 2975 660 3038 flatibus
676 2974 809 3036 innoxia
825 2984 962 3038 uectura
985 2973 1138 3054 deportat
1154 2973 1235 3036 illas
1284 2975 1351 3037 iam

300 3079 422 3142 mutuis
460 3079 668 3160 amplexibus
699 3087 732 3140 et
767 3077 1004 3140 festinantibus
1035 3077 1135 3140 saulis
1170 3097 1244 3139 sese
1279 3099 1353 3158 per-

299 3185 463 3258 fruuntur,
485 3193 518 3245 et
543 3183 618 3246 illae
643 3183 778 3244 sedatae
804 3181 958 3243 lacrimae
983 3180 1185 3262 postliminio
1209 3181 1353 3258 redeunt

300 3287 505 3366 prolectante
528 3285 658 3367 gaudio.
708 3285 785 3347 ‘sed
809 3294 842 3346 et
865 3285 1010 3358 tectum,’
1037 3284 1152 3373 inquit,
1172 3289 1223 3346 ‘et
1247 3285 1352 3347 larem

300 3400 448 3451 nostrum
465 3391 570 3452 laetae
588 3389 762 3462 succedite,
778 3397 810 3449 et
826 3387 965 3449 afflictas
981 3387 1110 3449 animas
1127 3408 1202 3450 cum
1222 3389 1352 3472 Psyche

247 3521 276 3566 30
300 3503 411 3554 uestra
441 3493 608 3555 recreate’
684 3495 716 3556 8.
747 3491 792 3553 sic
824 3491 975 3565 allocuta,
1006 3511 1153 3553 summas
1184 3477 1266 3572 opes
1298 3492 1352 3556 do

301 3617 374 3656 mus
393 3616 511 3658 aureae
529 3616 715 3676 uocumque
735 3594 949 3656 seruientium
970 3595 1169 3675 populosam
1189 3589 1351 3658 familiam

301 3700 507 3762 demonstrat
534 3699 668 3760 auribus
695 3717 817 3772 earum,
843 3697 1043 3778 lauacroque
1071 3699 1295 3778 pulcherrimo
1320 3710 1352 3763 et
