2934 4236
188 300 248 361 126
448 311 659 360 rnnonnurs
681 312 727 361 or
750 311 876 360 nounu
899 311 1025 361 snrmn

323 476 357 530 et
369 467 474 529 laetus
488 487 576 530 nunc
590 467 715 550 plectra
729 478 848 542 mouet,
863 488 951 530 nunc
965 488 1070 549 pensa
1082 467 1256 531 ministrat.

267 627 275 640 ,
323 570 449 634 detinet
465 571 609 635 intentas
626 582 726 634 cantu
743 572 893 654 fallitque
910 571 1064 634 laborem.

323 675 576 756 dumquenimis
586 676 748 739 citharam
758 676 970 758 fraternaque
980 675 1128 738 carmina
1138 676 1287 752 laudant,

324 778 399 860 plus
415 779 511 841 solito
528 797 651 842 neuere
668 800 786 842 manus
804 781 1014 861 humanaque
1031 779 1101 842 fata

324 881 493 944 laudatum
510 883 715 945 transcendit
731 904 823 965 opus.
872 889 932 945 ‘ne
948 883 1080 959 demite,
1100 885 1242 946 Parcae'

236 989 240 997 ’
326 986 479 1049 Phoebus
496 986 542 1048 ait
560 986 688 1048 ‘uincat
705 987 851 1049 mortalis
868 997 1019 1068 tempora
1036 986 1123 1049 uitae

324 1090 376 1153 ille
393 1089 473 1152 mihi
491 1090 604 1152 similis
622 1091 715 1153 uultu
733 1090 913 1172 similisque
930 1090 1050 1154 decore

323 1204 501 1257 neecantu
518 1214 579 1256 nec
596 1215 679 1257 uoce
696 1195 810 1257 minor.
858 1194 966 1256 felicia
982 1194 1078 1257 lassis

324 1298 455 1360 saecula
472 1297 654 1378 praestabit
670 1299 847 1380 legumque
865 1297 994 1360 silentia
1011 1309 1151 1381 rumpet.

323 1401 429 1483 qualis
446 1401 626 1464 discutiens
644 1401 807 1481 fugientia
826 1401 962 1464 Lucifer
979 1411 1067 1464 astra

323 1515 380 1567 aut
396 1505 501 1586 qualis
519 1505 624 1586 surgit
641 1505 856 1568 redeuntibus
876 1506 1050 1588 Hesperus
1066 1507 1172 1582 astris,

323 1607 429 1690 qualis
445 1629 520 1671 cum
538 1609 680 1690 primum
696 1608 842 1671 tenebris
859 1609 992 1672 Aurora
1008 1609 1123 1672 solutis

323 1713 450 1775 induxit
466 1713 649 1775 rubicunda
664 1713 760 1788 diem,
780 1713 836 1777 Sol
853 1713 971 1794 aspicit
986 1713 1100 1776 orbem

323 1817 452 1879 lucidus
468 1827 501 1879 et
518 1817 640 1898 primos
656 1838 675 1878 a
691 1837 822 1879 carcere
838 1817 983 1880 concitat
999 1837 1095 1880 axes:

323 1921 398 1984 talis
415 1921 540 1984 Caesar
555 1921 657 1997 adest,
675 1922 775 1983 talem
792 1921 857 1982 iam
878 1922 985 1983 Roma
1003 1922 1172 1985 Neronem

323 2024 470 2106 aspiciet.
518 2025 637 2104 flagrat
653 2024 775 2087 nitidus
792 2025 923 2105 fulgore
940 2025 1078 2088 remisso

323 2130 435 2191 uultus
451 2138 485 2190 et
500 2129 620 2191 adfuso
636 2129 746 2192 ceruix
763 2130 909 2192 formosa
925 2129 1066 2212 capillo’

238 2264 318 2325 haec
331 2263 463 2344 Apollo
507 2273 540 2326 at
559 2263 726 2338 Lachesis,
741 2284 825 2345 quae
841 2273 874 2326 et
890 2263 963 2344 ipsa
979 2263 1104 2326 homini
1120 2264 1288 2330 formosis·

237 2367 319 2430 simo
335 2368 473 2443 faueret,
491 2367 570 2430 fecit
591 2364 705 2453 [illud]
726 2369 826 2450 plena
841 2389 951 2443 manu,
970 2379 1003 2432 et
1021 2369 1147 2431 Neroni
1164 2369 1287 2434 multos
1317 2422 1322 2426 .

185 2506 213 2537 ω
237 2491 342 2534 annos
358 2471 399 2533 de
416 2492 475 2534 suo
491 2472 601 2534 donat.
650 2473 824 2535 Claudium
841 2483 951 2536 autem
968 2473 1083 2536 iubent
1099 2493 1215 2536 omnes

323 2606 505 2692 χαίροντας,
523 2607 742 2690 εὐφημοῦντας
758 2606 935 2686 ἐκπέμπειν
951 2605 1063 2686 δόμων.

236 2760 269 2814 et
293 2750 346 2814 ille
370 2751 502 2832 quidem
527 2751 671 2814 animam
699 2752 833 2827 ebulliit,
858 2762 892 2815 et
918 2772 958 2814 ex
985 2772 1024 2815 eo
1051 2751 1147 2814 desiit
1168 2751 1287 2836 *uiuere

237 2855 349 2917 uideri.
396 2855 558 2936 expirauit
581 2866 691 2919 autem
715 2857 793 2918 dum
819 2857 997 2918 comoedos
1020 2857 1120 2930 audit,
1141 2865 1177 2918 ut
1201 2856 1287 2920 scias

237 2978 289 3020 me
313 2979 379 3020 non
404 2959 475 3022 sine
499 2981 598 3022 causa
622 2961 693 3022 illos
717 2961 840 3023 timere.
937 2983 954 3018 s
1053 2983 1070 3018 s
1169 2983 1186 3018 s

185 3092 212 3136 25
280 3079 312 3142 5.
339 3083 424 3145 quae
451 3064 484 3125 in
509 3065 604 3126 terris
628 3075 744 3146 postea
768 3065 833 3127 sint
857 3074 940 3139 acta,
967 3083 1211 3145 superuacuum
1235 3074 1287 3127 est

237 3168 370 3230 referre.
418 3167 507 3230 scitis
524 3168 611 3230 enim
629 3169 761 3249 optime,
780 3189 841 3231 nec
861 3168 1044 3250 periculum
1064 3177 1114 3230 est
1137 3188 1180 3230 ne
1204 3168 1287 3231 exci-

237 3259 317 3334 dant
348 3271 525 3334 memoriae
557 3293 641 3354 quae
672 3273 829 3352 gaudium
862 3272 1030 3354 publicum
1062 3271 1285 3352 impresserit:

236 3396 334 3438 nemo
358 3375 524 3438 felicitatis
553 3396 631 3438 suae
659 3376 870 3438 obliuiscitur.
918 3376 951 3438 in
978 3376 1070 3438 caelo
1098 3396 1183 3458 quae
1211 3386 1286 3438 acta

237 3479 310 3554 sint,
329 3479 458 3540 audite:
483 3479 565 3541 fides
585 3499 689 3560 penes
711 3490 879 3542 auctorem
899 3480 968 3542 erit.
1015 3479 1187 3541 nuntiatur
1213 3479 1286 3542 Ioui

172 3611 213 3654 ·30
236 3581 368 3643 uenisse
392 3583 557 3662 quendam
582 3582 689 3644 bonae
712 3593 868 3657 staturae,
892 3582 977 3645 bene
1001 3603 1141 3658 canum;
1172 3583 1286 3646 nescio

237 3683 315 3764 quid
334 3684 425 3746 illum
445 3684 571 3758 minari,
594 3685 726 3748 assidue
750 3686 838 3748 enim
862 3695 962 3766 caput
985 3706 1139 3762 mouere3
1164 3686 1286 3768 pedem
