<?xml version="1.0" encoding="UTF-8"?>
<!DOCTYPE html PUBLIC "-//W3C//DTD XHTML 1.0 Transitional//EN"
    "http://www.w3.org/TR/xhtml1/DTD/xhtml1-transitional.dtd">
<html xmlns="http://www.w3.org/1999/xhtml" xml:lang="en" lang="en">
 <head>
  <title>
</title>
<meta http-equiv="Content-Type" content="text/html;charset=utf-8" />
  <meta name='ocr-system' content='tesseract 3.04.00' />
  <meta name='ocr-capabilities' content='ocr_page ocr_carea ocr_par ocr_line ocrx_word'/>
</head>
<body>
  <div class='ocr_page' id='page_1' title='image "./fragmentsromans01unkngoog_0148.png"; bbox 0 0 2934 4236; ppageno 0'>
   <div class='ocr_carea' id='block_1_1' title="bbox 637 239 1269 310">
    <p class='ocr_par' dir='ltr' id='par_1_1' title="bbox 637 239 1269 310">
     <span class='ocr_line' id='line_1_1' title="bbox 637 239 1269 310; baseline 0.013 -23"><span class='ocrx_word' id='word_1_1' title='bbox 637 239 806 290; x_wconf 76' lang='lat' dir='ltr'>nrvrurvs</span> <span class='ocrx_word' id='word_1_2' title='bbox 1214 247 1269 310; x_wconf 82' lang='lat'>¹4¹</span> 
     </span>
    </p>
   </div>
   <div class='ocr_carea' id='block_1_2' title="bbox 178 397 1273 1208">
    <p class='ocr_par' dir='ltr' id='par_1_2' title="bbox 178 397 1273 1208">
     <span class='ocr_line' id='line_1_2' title="bbox 217 397 1273 480; baseline 0.005 -21"><span class='ocrx_word' id='word_1_3' title='bbox 217 417 450 480; x_wconf 91' lang='lat' dir='ltr'>quaecumque</span> <span class='ocrx_word' id='word_1_4' title='bbox 473 407 533 473; x_wconf 90' lang='lat' dir='ltr'>est,</span> <span class='ocrx_word' id='word_1_5' title='bbox 556 415 649 460; x_wconf 91' lang='lat' dir='ltr'>meos</span> <span class='ocrx_word' id='word_1_6' title='bbox 672 397 815 462; x_wconf 89' lang='lat' dir='ltr'>honores</span> <span class='ocrx_word' id='word_1_7' title='bbox 838 397 1057 480; x_wconf 88' lang='lat' dir='ltr'>usurpauerit.</span> <span class='ocrx_word' id='word_1_8' title='bbox 1104 397 1169 462; x_wconf 88' lang='lat' dir='ltr'>iarn</span> <span class='ocrx_word' id='word_1_9' title='bbox 1195 399 1273 464; x_wconf 85' lang='lat' dir='ltr'>laxo</span> 
     </span>
     <span class='ocr_line' id='line_1_3' title="bbox 218 501 1151 584; baseline 0.004 -22"><span class='ocrx_word' id='word_1_10' title='bbox 218 501 317 563; x_wconf 91' lang='lat' dir='ltr'>huius</span> <span class='ocrx_word' id='word_1_11' title='bbox 333 521 407 564; x_wconf 88' lang='lat' dir='ltr'>eam</span> <span class='ocrx_word' id='word_1_12' title='bbox 424 501 529 583; x_wconf 89' lang='lat' dir='ltr'>ipsius</span> <span class='ocrx_word' id='word_1_13' title='bbox 545 501 688 564; x_wconf 91' lang='lat' dir='ltr'>inlicitae</span> <span class='ocrx_word' id='word_1_14' title='bbox 705 501 946 564; x_wconf 83' lang='lat' dir='ltr'>formonsitatis</span> <span class='ocrx_word' id='word_1_15' title='bbox 963 501 1151 584; x_wconf 84' lang='lat' dir='ltr'>paeniteat’</span> 
     </span>
     <span class='ocr_line' id='line_1_4' title="bbox 262 605 1272 688; baseline 0.004 -20"><span class='ocrx_word' id='word_1_16' title='bbox 262 615 296 668; x_wconf 90' lang='lat' dir='ltr'>et</span> <span class='ocrx_word' id='word_1_17' title='bbox 318 615 418 668; x_wconf 91' lang='lat' dir='ltr'>uocat</span> <span class='ocrx_word' id='word_1_18' title='bbox 437 605 616 668; x_wconf 84' lang='lat' dir='ltr'>confestim</span> <span class='ocrx_word' id='word_1_19' title='bbox 638 625 776 686; x_wconf 89' lang='lat' dir='ltr'>puerum</span> <span class='ocrx_word' id='word_1_20' title='bbox 796 625 903 682; x_wconf 91' lang='lat' dir='ltr'>suum,</span> <span class='ocrx_word' id='word_1_21' title='bbox 926 605 1100 688; x_wconf 89' lang='lat' dir='ltr'>pinnatum</span> <span class='ocrx_word' id='word_1_22' title='bbox 1125 607 1215 670; x_wconf 93' lang='lat' dir='ltr'>illum</span> <span class='ocrx_word' id='word_1_23' title='bbox 1239 618 1272 672; x_wconf 87' lang='lat' dir='ltr'>et</span> 
     </span>
     <span class='ocr_line' id='line_1_5' title="bbox 218 708 1272 792; baseline 0.002 -20"><span class='ocrx_word' id='word_1_24' title='bbox 218 709 299 772; x_wconf 90' lang='lat' dir='ltr'>satis</span> <span class='ocrx_word' id='word_1_25' title='bbox 312 708 534 784; x_wconf 88' lang='lat' dir='ltr'>temerarium,</span> <span class='ocrx_word' id='word_1_26' title='bbox 552 708 609 790; x_wconf 92' lang='lat' dir='ltr'>qui</span> <span class='ocrx_word' id='word_1_27' title='bbox 625 708 720 771; x_wconf 90' lang='lat' dir='ltr'>malis</span> <span class='ocrx_word' id='word_1_28' title='bbox 736 708 805 772; x_wconf 91' lang='lat' dir='ltr'>suis</span> <span class='ocrx_word' id='word_1_29' title='bbox 826 709 973 772; x_wconf 90' lang='lat' dir='ltr'>moribus</span> <span class='ocrx_word' id='word_1_30' title='bbox 993 719 1188 792; x_wconf 91' lang='lat' dir='ltr'>contempta</span> <span class='ocrx_word' id='word_1_31' title='bbox 1211 711 1272 774; x_wconf 82' lang='lat' dir='ltr'>dis</span> 
     </span>
     <span class='ocr_line' id='line_1_6' title="bbox 178 811 1272 896; baseline 0.003 -21"><span class='ocrx_word' id='word_1_32' title='bbox 178 842 193 888; x_wconf 82' lang='lat'>5</span> <span class='ocrx_word' id='word_1_33' title='bbox 218 813 342 893; x_wconf 91' lang='lat' dir='ltr'>ciplina</span> <span class='ocrx_word' id='word_1_34' title='bbox 362 812 503 893; x_wconf 90' lang='lat' dir='ltr'>publica,</span> <span class='ocrx_word' id='word_1_35' title='bbox 521 811 663 875; x_wconf 88' lang='lat' dir='ltr'>flammis</span> <span class='ocrx_word' id='word_1_36' title='bbox 681 822 715 876; x_wconf 94' lang='lat' dir='ltr'>et</span> <span class='ocrx_word' id='word_1_37' title='bbox 736 811 865 893; x_wconf 75' lang='lat' dir='ltr'>sagittis</span> <span class='ocrx_word' id='word_1_38' title='bbox 889 823 1046 889; x_wconf 88' lang='lat' dir='ltr'>armatus,</span> <span class='ocrx_word' id='word_1_39' title='bbox 1064 834 1124 896; x_wconf 91' lang='lat' dir='ltr'>per</span> <span class='ocrx_word' id='word_1_40' title='bbox 1147 816 1272 882; x_wconf 88' lang='lat' dir='ltr'>alienas</span> 
     </span>
     <span class='ocr_line' id='line_1_7' title="bbox 219 915 1272 982; baseline 0.004 -4"><span class='ocrx_word' id='word_1_41' title='bbox 219 917 339 978; x_wconf 91' lang='lat' dir='ltr'>domus</span> <span class='ocrx_word' id='word_1_42' title='bbox 356 925 453 978; x_wconf 92' lang='lat' dir='ltr'>nocte</span> <span class='ocrx_word' id='word_1_43' title='bbox 470 915 659 978; x_wconf 90' lang='lat' dir='ltr'>discurrens</span> <span class='ocrx_word' id='word_1_44' title='bbox 675 925 708 978; x_wconf 92' lang='lat' dir='ltr'>et</span> <span class='ocrx_word' id='word_1_45' title='bbox 729 915 876 979; x_wconf 91' lang='lat' dir='ltr'>omnium</span> <span class='ocrx_word' id='word_1_46' title='bbox 899 916 1109 980; x_wconf 91' lang='lat' dir='ltr'>matrimonia</span> <span class='ocrx_word' id='word_1_47' title='bbox 1131 939 1272 982; x_wconf 89' lang='lat' dir='ltr'>corrum-</span> 
     </span>
     <span class='ocr_line' id='line_1_8' title="bbox 219 1019 1272 1104; baseline 0.004 -22"><span class='ocrx_word' id='word_1_48' title='bbox 219 1041 314 1101; x_wconf 92' lang='lat' dir='ltr'>pens,</span> <span class='ocrx_word' id='word_1_49' title='bbox 339 1019 476 1100; x_wconf 91' lang='lat' dir='ltr'>impune</span> <span class='ocrx_word' id='word_1_50' title='bbox 503 1019 680 1082; x_wconf 88' lang='lat' dir='ltr'>committit</span> <span class='ocrx_word' id='word_1_51' title='bbox 706 1029 799 1082; x_wconf 90' lang='lat' dir='ltr'>tanta</span> <span class='ocrx_word' id='word_1_52' title='bbox 826 1019 951 1102; x_wconf 85' lang='lat' dir='ltr'>flagitia</span> <span class='ocrx_word' id='word_1_53' title='bbox 978 1030 1012 1083; x_wconf 91' lang='lat' dir='ltr'>et</span> <span class='ocrx_word' id='word_1_54' title='bbox 1035 1021 1116 1084; x_wconf 93' lang='lat' dir='ltr'>nihil</span> <span class='ocrx_word' id='word_1_55' title='bbox 1140 1025 1272 1104; x_wconf 90' lang='lat' dir='ltr'>prorlus</span> 
     </span>
     <span class='ocr_line' id='line_1_9' title="bbox 219 1123 1273 1208; baseline 0.003 -22"><span class='ocrx_word' id='word_1_56' title='bbox 219 1124 299 1186; x_wconf 93' lang='lat' dir='ltr'>boni</span> <span class='ocrx_word' id='word_1_57' title='bbox 329 1123 419 1186; x_wconf 85' lang='lat' dir='ltr'>facit.</span> <span class='ocrx_word' id='word_1_58' title='bbox 476 1124 574 1199; x_wconf 90' lang='lat' dir='ltr'>hunc,</span> <span class='ocrx_word' id='word_1_59' title='bbox 599 1142 801 1206; x_wconf 89' lang='lat' dir='ltr'>quamquam</span> <span class='ocrx_word' id='word_1_60' title='bbox 829 1123 975 1204; x_wconf 90' lang='lat' dir='ltr'>genuina</span> <span class='ocrx_word' id='word_1_61' title='bbox 1002 1124 1134 1188; x_wconf 88' lang='lat' dir='ltr'>licentia</span> <span class='ocrx_word' id='word_1_62' title='bbox 1161 1145 1273 1208; x_wconf 92' lang='lat' dir='ltr'>proca-</span> 
     </span>
    </p>
   </div>
   <div class='ocr_carea' id='block_1_3' title="bbox 220 1227 1372 1312">
    <p class='ocr_par' dir='ltr' id='par_1_3' title="bbox 220 1227 1372 1312">
     <span class='ocr_line' id='line_1_10' title="bbox 220 1227 1372 1312; baseline 0.002 -21"><span class='ocrx_word' id='word_1_63' title='bbox 220 1248 303 1303; x_wconf 85' lang='lat' dir='ltr'>cem,</span> <span class='ocrx_word' id='word_1_64' title='bbox 333 1227 443 1289; x_wconf 91' lang='lat' dir='ltr'>uerbis</span> <span class='ocrx_word' id='word_1_65' title='bbox 474 1246 607 1309; x_wconf 91' lang='lat' dir='ltr'>quoque</span> <span class='ocrx_word' id='word_1_66' title='bbox 637 1227 775 1309; x_wconf 86' lang='lat' dir='ltr'>insuper</span> <span class='ocrx_word' id='word_1_67' title='bbox 806 1227 954 1290; x_wconf 89' lang='lat' dir='ltr'>stimulat</span> <span class='ocrx_word' id='word_1_68' title='bbox 984 1238 1017 1292; x_wconf 92' lang='lat' dir='ltr'>et</span> <span class='ocrx_word' id='word_1_69' title='bbox 1048 1229 1200 1310; x_wconf 89' lang='lat' dir='ltr'>perducit</span> <span class='ocrx_word' id='word_1_70' title='bbox 1230 1231 1272 1293; x_wconf 88' lang='lat' dir='ltr'>ad</span> <span class='ocrx_word' id='word_1_71' title='bbox 1367 1303 1372 1312; x_wconf 33' lang='lat'><strong><em>¹</em></strong></span> 
     </span>
    </p>
   </div>
   <div class='ocr_carea' id='block_1_4' title="bbox 122 1329 1277 3695">
    <p class='ocr_par' dir='ltr' id='par_1_4' title="bbox 122 1329 1277 3695">
     <span class='ocr_line' id='line_1_11' title="bbox 168 1329 1273 1416; baseline 0.001 -22"><span class='ocrx_word' id='word_1_72' title='bbox 168 1362 197 1394; x_wconf 81' lang='grc' dir='ltr'>ιο</span> <span class='ocrx_word' id='word_1_73' title='bbox 220 1332 311 1394; x_wconf 90' lang='lat' dir='ltr'>illam</span> <span class='ocrx_word' id='word_1_74' title='bbox 336 1331 513 1406; x_wconf 90' lang='lat' dir='ltr'>ciuitatem,</span> <span class='ocrx_word' id='word_1_75' title='bbox 542 1340 575 1394; x_wconf 95' lang='lat' dir='ltr'>et</span> <span class='ocrx_word' id='word_1_76' title='bbox 604 1332 758 1416; x_wconf 90' lang='lat' dir='ltr'>Psychen</span> <span class='ocrx_word' id='word_1_77' title='bbox 780 1329 861 1414; x_wconf 93' lang='lat' dir='ltr'>(hoc</span> <span class='ocrx_word' id='word_1_78' title='bbox 888 1331 976 1394; x_wconf 93' lang='lat' dir='ltr'>enim</span> <span class='ocrx_word' id='word_1_79' title='bbox 1004 1333 1139 1396; x_wconf 90' lang='lat' dir='ltr'>nomine</span> <span class='ocrx_word' id='word_1_80' title='bbox 1163 1334 1273 1416; x_wconf 84' lang='lat' dir='ltr'>puella</span> 
     </span>
     <span class='ocr_line' id='line_1_12' title="bbox 220 1433 1273 1519; baseline 0.003 -21"><span class='ocrx_word' id='word_1_81' title='bbox 220 1433 494 1516; x_wconf 86' lang='lat' dir='ltr'>nuncupabatur)</span> <span class='ocrx_word' id='word_1_82' title='bbox 508 1455 619 1498; x_wconf 90' lang='lat' dir='ltr'>coram</span> <span class='ocrx_word' id='word_1_83' title='bbox 636 1434 789 1498; x_wconf 88' lang='lat' dir='ltr'>ostendit.</span> <span class='ocrx_word' id='word_1_84' title='bbox 858 1453 912 1512; x_wconf 81' lang='lat'>31.</span> <span class='ocrx_word' id='word_1_85' title='bbox 939 1445 972 1498; x_wconf 91' lang='lat' dir='ltr'>et</span> <span class='ocrx_word' id='word_1_86' title='bbox 987 1446 1057 1498; x_wconf 90' lang='lat' dir='ltr'>tota</span> <span class='ocrx_word' id='word_1_87' title='bbox 1073 1437 1129 1499; x_wconf 92' lang='lat' dir='ltr'>illa</span> <span class='ocrx_word' id='word_1_88' title='bbox 1146 1438 1273 1519; x_wconf 89' lang='lat' dir='ltr'>perlata</span> 
     </span>
     <span class='ocr_line' id='line_1_13' title="bbox 221 1538 1274 1621; baseline 0.003 -19"><span class='ocrx_word' id='word_1_89' title='bbox 221 1541 264 1602; x_wconf 89' lang='lat' dir='ltr'>de</span> <span class='ocrx_word' id='word_1_90' title='bbox 280 1538 522 1601; x_wconf 84' lang='lat' dir='ltr'>formonsitatis</span> <span class='ocrx_word' id='word_1_91' title='bbox 538 1538 760 1602; x_wconf 89' lang='lat' dir='ltr'>aemulatione</span> <span class='ocrx_word' id='word_1_92' title='bbox 777 1539 901 1615; x_wconf 84' lang='lat' dir='ltr'>fabula,</span> <span class='ocrx_word' id='word_1_93' title='bbox 916 1559 1055 1621; x_wconf 92' lang='lat' dir='ltr'>gemens</span> <span class='ocrx_word' id='word_1_94' title='bbox 1071 1560 1110 1603; x_wconf 89' lang='lat' dir='ltr'>ac</span> <span class='ocrx_word' id='word_1_95' title='bbox 1127 1542 1274 1605; x_wconf 79' lang='lat' dir='ltr'>fremens</span> 
     </span>
     <span class='ocr_line' id='line_1_14' title="bbox 221 1642 1274 1725; baseline 0.002 -20"><span class='ocrx_word' id='word_1_96' title='bbox 221 1643 461 1722; x_wconf 86' lang='lat' dir='ltr'>indignatione,</span> <span class='ocrx_word' id='word_1_97' title='bbox 486 1648 572 1723; x_wconf 87' lang='lat' dir='ltr'>‘per‚</span> <span class='ocrx_word' id='word_1_98' title='bbox 595 1661 670 1723; x_wconf 88' lang='lat' dir='ltr'>ego,</span> <span class='ocrx_word' id='word_1_99' title='bbox 694 1643 747 1718; x_wconf 93' lang='lat' dir='ltr'>te,’</span> <span class='ocrx_word' id='word_1_100' title='bbox 772 1642 887 1725; x_wconf 90' lang='lat' dir='ltr'>inquit,</span> <span class='ocrx_word' id='word_1_101' title='bbox 914 1649 1105 1706; x_wconf 91' lang='lat' dir='ltr'>‘maternae</span> <span class='ocrx_word' id='word_1_102' title='bbox 1128 1645 1274 1708; x_wconf 89' lang='lat' dir='ltr'>caritatis</span> 
     </span>
     <span class='ocr_line' id='line_1_15' title="bbox 122 1746 1275 1830; baseline 0 -20"><span class='ocrx_word' id='word_1_103' title='bbox 122 1783 125 1788; x_wconf 93' lang='lat'>·</span> <span class='ocrx_word' id='word_1_104' title='bbox 222 1747 362 1810; x_wconf 85' lang='lat' dir='ltr'>foedera</span> <span class='ocrx_word' id='word_1_105' title='bbox 381 1746 550 1827; x_wconf 90' lang='lat' dir='ltr'>deprecor,</span> <span class='ocrx_word' id='word_1_106' title='bbox 572 1766 632 1827; x_wconf 92' lang='lat' dir='ltr'>per</span> <span class='ocrx_word' id='word_1_107' title='bbox 650 1756 728 1808; x_wconf 90' lang='lat' dir='ltr'>tuae</span> <span class='ocrx_word' id='word_1_108' title='bbox 752 1747 893 1827; x_wconf 88' lang='lat' dir='ltr'>sagittae</span> <span class='ocrx_word' id='word_1_109' title='bbox 915 1747 1024 1810; x_wconf 91' lang='lat' dir='ltr'>dulcia</span> <span class='ocrx_word' id='word_1_110' title='bbox 1047 1749 1195 1824; x_wconf 87' lang='lat' dir='ltr'>uulnera,</span> <span class='ocrx_word' id='word_1_111' title='bbox 1217 1769 1275 1830; x_wconf 90' lang='lat' dir='ltr'>per</span> 
     </span>
     <span class='ocr_line' id='line_1_16' title="bbox 171 1849 1275 1933; baseline 0.002 -20"><span class='ocrx_word' id='word_1_112' title='bbox 171 1880 198 1926; x_wconf 83' lang='lat'>15</span> <span class='ocrx_word' id='word_1_113' title='bbox 223 1851 377 1913; x_wconf 89' lang='lat' dir='ltr'>flammae</span> <span class='ocrx_word' id='word_1_114' title='bbox 394 1849 488 1912; x_wconf 89' lang='lat' dir='ltr'>istius</span> <span class='ocrx_word' id='word_1_115' title='bbox 505 1849 647 1914; x_wconf 92' lang='lat' dir='ltr'>mellitas</span> <span class='ocrx_word' id='word_1_116' title='bbox 663 1850 828 1925; x_wconf 74' lang='lat' dir='ltr'>uredines</span> <span class='ocrx_word' id='word_1_117' title='bbox 846 1851 1025 1913; x_wconf 92' lang='lat' dir='ltr'>uindictam</span> <span class='ocrx_word' id='word_1_118' title='bbox 1047 1861 1124 1914; x_wconf 93' lang='lat' dir='ltr'>tuae</span> <span class='ocrx_word' id='word_1_119' title='bbox 1147 1853 1275 1933; x_wconf 88' lang='lat' dir='ltr'>parenti</span> 
     </span>
     <span class='ocr_line' id='line_1_17' title="bbox 224 1953 1274 2036; baseline 0.001 -19"><span class='ocrx_word' id='word_1_120' title='bbox 224 1955 283 2018; x_wconf 93' lang='lat' dir='ltr'>sed</span> <span class='ocrx_word' id='word_1_121' title='bbox 307 1955 441 2035; x_wconf 86' lang='lat' dir='ltr'>plenam</span> <span class='ocrx_word' id='word_1_122' title='bbox 468 1953 586 2030; x_wconf 90' lang='lat' dir='ltr'>tribue,</span> <span class='ocrx_word' id='word_1_123' title='bbox 614 1964 648 2016; x_wconf 94' lang='lat' dir='ltr'>et</span> <span class='ocrx_word' id='word_1_124' title='bbox 675 1954 708 2016; x_wconf 92' lang='lat' dir='ltr'>in</span> <span class='ocrx_word' id='word_1_125' title='bbox 737 1954 1017 2036; x_wconf 90' lang='lat' dir='ltr'>pulchritudinem</span> <span class='ocrx_word' id='word_1_126' title='bbox 1045 1965 1274 2020; x_wconf 89' lang='lat' dir='ltr'>contumacem</span> 
     </span>
     <span class='ocr_line' id='line_1_18' title="bbox 223 2057 1276 2139; baseline 0.002 -19"><span class='ocrx_word' id='word_1_127' title='bbox 223 2067 416 2122; x_wconf 90' lang='lat' dir='ltr'>reuerenter</span> <span class='ocrx_word' id='word_1_128' title='bbox 440 2057 582 2132; x_wconf 88' lang='lat' dir='ltr'>uindica,</span> <span class='ocrx_word' id='word_1_129' title='bbox 609 2057 708 2139; x_wconf 91' lang='lat' dir='ltr'>idque</span> <span class='ocrx_word' id='word_1_130' title='bbox 735 2078 838 2120; x_wconf 92' lang='lat' dir='ltr'>unum</span> <span class='ocrx_word' id='word_1_131' title='bbox 870 2068 903 2120; x_wconf 93' lang='lat' dir='ltr'>et</span> <span class='ocrx_word' id='word_1_132' title='bbox 934 2079 994 2139; x_wconf 93' lang='lat' dir='ltr'>pro</span> <span class='ocrx_word' id='word_1_133' title='bbox 1026 2059 1178 2122; x_wconf 91' lang='lat' dir='ltr'>omnibus</span> <span class='ocrx_word' id='word_1_134' title='bbox 1209 2061 1276 2124; x_wconf 91' lang='lat' dir='ltr'>uni·</span> 
     </span>
     <span class='ocr_line' id='line_1_19' title="bbox 224 2160 1277 2242; baseline 0.002 -18"><span class='ocrx_word' id='word_1_135' title='bbox 224 2183 300 2225; x_wconf 94' lang='lat' dir='ltr'>cum</span> <span class='ocrx_word' id='word_1_136' title='bbox 317 2163 432 2224; x_wconf 90' lang='lat' dir='ltr'>uolens</span> <span class='ocrx_word' id='word_1_137' title='bbox 448 2161 552 2224; x_wconf 86' lang='lat' dir='ltr'>effici:</span> <span class='ocrx_word' id='word_1_138' title='bbox 575 2160 669 2242; x_wconf 90' lang='lat' dir='ltr'>uirgo</span> <span class='ocrx_word' id='word_1_139' title='bbox 686 2161 749 2224; x_wconf 87' lang='lat' dir='ltr'>ista</span> <span class='ocrx_word' id='word_1_140' title='bbox 765 2181 876 2224; x_wconf 91' lang='lat' dir='ltr'>amore</span> <span class='ocrx_word' id='word_1_141' title='bbox 893 2161 1149 2242; x_wconf 91' lang='lat' dir='ltr'>flagrantissimo</span> <span class='ocrx_word' id='word_1_142' title='bbox 1167 2174 1277 2226; x_wconf 92' lang='lat' dir='ltr'>tenea-</span> 
     </span>
     <span class='ocr_line' id='line_1_20' title="bbox 223 2265 1276 2347; baseline 0.001 -19"><span class='ocrx_word' id='word_1_143' title='bbox 223 2277 277 2328; x_wconf 92' lang='lat' dir='ltr'>tur</span> <span class='ocrx_word' id='word_1_144' title='bbox 301 2265 444 2329; x_wconf 92' lang='lat' dir='ltr'>hominis</span> <span class='ocrx_word' id='word_1_145' title='bbox 471 2265 618 2341; x_wconf 87' lang='lat' dir='ltr'>extremi,</span> <span class='ocrx_word' id='word_1_146' title='bbox 643 2285 742 2347; x_wconf 92' lang='lat' dir='ltr'>quem</span> <span class='ocrx_word' id='word_1_147' title='bbox 769 2275 803 2328; x_wconf 91' lang='lat' dir='ltr'>et</span> <span class='ocrx_word' id='word_1_148' title='bbox 830 2265 1001 2345; x_wconf 88' lang='lat' dir='ltr'>dignitatis</span> <span class='ocrx_word' id='word_1_149' title='bbox 1028 2276 1062 2328; x_wconf 93' lang='lat' dir='ltr'>et</span> <span class='ocrx_word' id='word_1_150' title='bbox 1089 2267 1276 2347; x_wconf 90' lang='lat' dir='ltr'>patrimonii</span> 
     </span>
     <span class='ocr_line' id='line_1_21' title="bbox 172 2369 1275 2452; baseline 0.003 -21"><span class='ocrx_word' id='word_1_151' title='bbox 172 2399 201 2431; x_wconf 72' lang='grc' dir='ltr'>ω</span> <span class='ocrx_word' id='word_1_152' title='bbox 225 2370 322 2432; x_wconf 93' lang='lat' dir='ltr'>simul</span> <span class='ocrx_word' id='word_1_153' title='bbox 341 2380 374 2433; x_wconf 95' lang='lat' dir='ltr'>et</span> <span class='ocrx_word' id='word_1_154' title='bbox 397 2369 634 2433; x_wconf 86' lang='lat' dir='ltr'>incolumitatis</span> <span class='ocrx_word' id='word_1_155' title='bbox 658 2369 761 2450; x_wconf 90' lang='lat' dir='ltr'>ipsius</span> <span class='ocrx_word' id='word_1_156' title='bbox 785 2369 921 2431; x_wconf 77' lang='lat' dir='ltr'>fortuna</span> <span class='ocrx_word' id='word_1_157' title='bbox 945 2369 1124 2445; x_wconf 89' lang='lat' dir='ltr'>damnauit,</span> <span class='ocrx_word' id='word_1_158' title='bbox 1142 2379 1275 2452; x_wconf 89' lang='lat' dir='ltr'>tamque</span> 
     </span>
     <span class='ocr_line' id='line_1_22' title="bbox 225 2472 1275 2556; baseline 0 -20"><span class='ocrx_word' id='word_1_159' title='bbox 225 2474 346 2536; x_wconf 88' lang='lat' dir='ltr'>infirmi</span> <span class='ocrx_word' id='word_1_160' title='bbox 364 2484 401 2537; x_wconf 92' lang='lat' dir='ltr'>ut</span> <span class='ocrx_word' id='word_1_161' title='bbox 420 2494 480 2556; x_wconf 91' lang='lat' dir='ltr'>per</span> <span class='ocrx_word' id='word_1_162' title='bbox 500 2483 607 2537; x_wconf 90' lang='lat' dir='ltr'>totum</span> <span class='ocrx_word' id='word_1_163' title='bbox 628 2472 742 2536; x_wconf 95' lang='lat' dir='ltr'>orbem</span> <span class='ocrx_word' id='word_1_164' title='bbox 763 2493 830 2535; x_wconf 94' lang='lat' dir='ltr'>non</span> <span class='ocrx_word' id='word_1_165' title='bbox 850 2472 999 2536; x_wconf 89' lang='lat' dir='ltr'>inueniat</span> <span class='ocrx_word' id='word_1_166' title='bbox 1021 2473 1173 2536; x_wconf 87' lang='lat' dir='ltr'>miseriae</span> <span class='ocrx_word' id='word_1_167' title='bbox 1197 2494 1275 2536; x_wconf 91' lang='lat' dir='ltr'>suae</span> 
     </span>
     <span class='ocr_line' id='line_1_23' title="bbox 225 2580 436 2660; baseline 0.005 -19"><span class='ocrx_word' id='word_1_168' title='bbox 225 2580 436 2660; x_wconf 86' lang='lat' dir='ltr'>comparem’</span> 
     </span>
     <span class='ocr_line' id='line_1_24' title="bbox 269 2679 1275 2761; baseline -0.002 -15"><span class='ocrx_word' id='word_1_169' title='bbox 269 2683 315 2746; x_wconf 91' lang='lat' dir='ltr'>sic</span> <span class='ocrx_word' id='word_1_170' title='bbox 339 2683 443 2746; x_wconf 83' lang='lat' dir='ltr'>effata</span> <span class='ocrx_word' id='word_1_171' title='bbox 467 2693 500 2745; x_wconf 90' lang='lat' dir='ltr'>et</span> <span class='ocrx_word' id='word_1_172' title='bbox 523 2681 644 2745; x_wconf 90' lang='lat' dir='ltr'>osculis</span> <span class='ocrx_word' id='word_1_173' title='bbox 669 2679 837 2742; x_wconf 88' lang='lat' dir='ltr'>hiantibus</span> <span class='ocrx_word' id='word_1_174' title='bbox 861 2680 964 2742; x_wconf 90' lang='lat' dir='ltr'>filium</span> <span class='ocrx_word' id='word_1_175' title='bbox 984 2680 1039 2742; x_wconf 92' lang='lat' dir='ltr'>diu</span> <span class='ocrx_word' id='word_1_176' title='bbox 1063 2699 1101 2742; x_wconf 91' lang='lat' dir='ltr'>ac</span> <span class='ocrx_word' id='word_1_177' title='bbox 1126 2682 1275 2761; x_wconf 88' lang='lat' dir='ltr'>pressule</span> 
     </span>
     <span class='ocr_line' id='line_1_25' title="bbox 225 2783 1275 2868; baseline -0.001 -19"><span class='ocrx_word' id='word_1_178' title='bbox 225 2787 363 2862; x_wconf 89' lang='lat' dir='ltr'>sauiata‚</span> <span class='ocrx_word' id='word_1_179' title='bbox 396 2787 562 2868; x_wconf 88' lang='lat' dir='ltr'>proximas</span> <span class='ocrx_word' id='word_1_180' title='bbox 593 2805 668 2847; x_wconf 88' lang='lat' dir='ltr'>oras</span> <span class='ocrx_word' id='word_1_181' title='bbox 699 2784 793 2846; x_wconf 92' lang='lat' dir='ltr'>reflui</span> <span class='ocrx_word' id='word_1_182' title='bbox 825 2784 929 2846; x_wconf 90' lang='lat' dir='ltr'>litoris</span> <span class='ocrx_word' id='word_1_183' title='bbox 962 2783 1054 2864; x_wconf 88' lang='lat' dir='ltr'>petit,</span> <span class='ocrx_word' id='word_1_184' title='bbox 1087 2783 1275 2866; x_wconf 89' lang='lat' dir='ltr'>plantisque</span> 
     </span>
     <span class='ocr_line' id='line_1_26' title="bbox 173 2887 1274 2966; baseline -0.001 -14"><span class='ocrx_word' id='word_1_185' title='bbox 173 2917 201 2966; x_wconf 77' lang='lat'>25</span> <span class='ocrx_word' id='word_1_186' title='bbox 224 2891 328 2953; x_wconf 90' lang='lat' dir='ltr'>roseis</span> <span class='ocrx_word' id='word_1_187' title='bbox 351 2890 553 2954; x_wconf 90' lang='lat' dir='ltr'>uibrantium</span> <span class='ocrx_word' id='word_1_188' title='bbox 579 2889 739 2951; x_wconf 91' lang='lat' dir='ltr'>fluctuum</span> <span class='ocrx_word' id='word_1_189' title='bbox 764 2908 893 2950; x_wconf 90' lang='lat' dir='ltr'>summo</span> <span class='ocrx_word' id='word_1_190' title='bbox 918 2907 991 2949; x_wconf 93' lang='lat' dir='ltr'>rore</span> <span class='ocrx_word' id='word_1_191' title='bbox 1015 2887 1150 2963; x_wconf 86' lang='lat' dir='ltr'>calcate,</span> <span class='ocrx_word' id='word_1_192' title='bbox 1198 2909 1274 2951; x_wconf 92' lang='lat' dir='ltr'>ecce</span> 
     </span>
     <span class='ocr_line' id='line_1_27' title="bbox 225 2990 1275 3080; baseline -0.002 -23"><span class='ocrx_word' id='word_1_193' title='bbox 225 2994 290 3056; x_wconf 88' lang='lat' dir='ltr'>iam</span> <span class='ocrx_word' id='word_1_194' title='bbox 307 2994 466 3076; x_wconf 82' lang='lat' dir='ltr'>profundi</span> <span class='ocrx_word' id='word_1_195' title='bbox 482 2993 582 3080; x_wconf 90' lang='lat' dir='ltr'>maris</span> <span class='ocrx_word' id='word_1_196' title='bbox 599 2993 681 3055; x_wconf 93' lang='lat' dir='ltr'>sudo</span> <span class='ocrx_word' id='word_1_197' title='bbox 702 2991 825 3054; x_wconf 90' lang='lat' dir='ltr'>resedit</span> <span class='ocrx_word' id='word_1_198' title='bbox 845 2991 978 3067; x_wconf 91' lang='lat' dir='ltr'>uertice,</span> <span class='ocrx_word' id='word_1_199' title='bbox 996 3000 1030 3053; x_wconf 93' lang='lat' dir='ltr'>et</span> <span class='ocrx_word' id='word_1_200' title='bbox 1050 2990 1168 3072; x_wconf 89' lang='lat' dir='ltr'>ipsum,</span> <span class='ocrx_word' id='word_1_201' title='bbox 1187 2995 1275 3074; x_wconf 90' lang='lat' dir='ltr'>quod</span> 
     </span>
     <span class='ocr_line' id='line_1_28' title="bbox 225 3095 1276 3184; baseline -0.002 -24"><span class='ocrx_word' id='word_1_202' title='bbox 225 3098 340 3180; x_wconf 90' lang='lat' dir='ltr'>incipit</span> <span class='ocrx_word' id='word_1_203' title='bbox 357 3099 451 3174; x_wconf 93' lang='lat' dir='ltr'>uelle,</span> <span class='ocrx_word' id='word_1_204' title='bbox 466 3098 496 3160; x_wconf 92' lang='lat' dir='ltr'>ei</span> <span class='ocrx_word' id='word_1_205' title='bbox 512 3097 621 3160; x_wconf 91' lang='lat' dir='ltr'>statim</span> <span class='ocrx_word' id='word_1_206' title='bbox 639 3096 734 3178; x_wconf 89' lang='lat' dir='ltr'>quasi</span> <span class='ocrx_word' id='word_1_207' title='bbox 750 3095 880 3176; x_wconf 94' lang='lat' dir='ltr'>pridem</span> <span class='ocrx_word' id='word_1_208' title='bbox 897 3095 1113 3184; x_wconf 87' lang='lat' dir='ltr'>praeceperit,</span> <span class='ocrx_word' id='word_1_209' title='bbox 1128 3116 1194 3158; x_wconf 93' lang='lat' dir='ltr'>non</span> <span class='ocrx_word' id='word_1_210' title='bbox 1212 3117 1276 3159; x_wconf 93' lang='lat' dir='ltr'>mo-</span> 
     </span>
     <span class='ocr_line' id='line_1_29' title="bbox 224 3198 1275 3283; baseline -0.002 -19"><span class='ocrx_word' id='word_1_211' title='bbox 224 3212 316 3266; x_wconf 91' lang='lat' dir='ltr'>ratur</span> <span class='ocrx_word' id='word_1_212' title='bbox 332 3203 496 3264; x_wconf 91' lang='lat' dir='ltr'>marinum</span> <span class='ocrx_word' id='word_1_213' title='bbox 515 3201 721 3283; x_wconf 91' lang='lat' dir='ltr'>obsequium.</span> <span class='ocrx_word' id='word_1_214' title='bbox 769 3199 892 3261; x_wconf 90' lang='lat' dir='ltr'>adsunt</span> <span class='ocrx_word' id='word_1_215' title='bbox 912 3198 1014 3261; x_wconf 90' lang='lat' dir='ltr'>Nerei</span> <span class='ocrx_word' id='word_1_216' title='bbox 1033 3199 1119 3262; x_wconf 86' lang='lat' dir='ltr'>filiae</span> <span class='ocrx_word' id='word_1_217' title='bbox 1138 3201 1275 3263; x_wconf 90' lang='lat' dir='ltr'>chorum</span> 
     </span>
     <span class='ocr_line' id='line_1_30' title="bbox 225 3302 1276 3384; baseline -0.002 -16"><span class='ocrx_word' id='word_1_218' title='bbox 225 3315 393 3382; x_wconf 73' lang='lat' dir='ltr'>canentes</span> <span class='ocrx_word' id='word_1_219' title='bbox 412 3315 445 3368; x_wconf 91' lang='lat' dir='ltr'>et</span> <span class='ocrx_word' id='word_1_220' title='bbox 462 3307 626 3368; x_wconf 91' lang='lat' dir='ltr'>Portunus</span> <span class='ocrx_word' id='word_1_221' title='bbox 644 3303 784 3367; x_wconf 90' lang='lat' dir='ltr'>caerulis</span> <span class='ocrx_word' id='word_1_222' title='bbox 800 3303 912 3366; x_wconf 93' lang='lat' dir='ltr'>barbis</span> <span class='ocrx_word' id='word_1_223' title='bbox 932 3302 1091 3384; x_wconf 72' lang='lat' dir='ltr'>hispidus</span> <span class='ocrx_word' id='word_1_224' title='bbox 1110 3313 1143 3366; x_wconf 93' lang='lat' dir='ltr'>et</span> <span class='ocrx_word' id='word_1_225' title='bbox 1164 3304 1276 3384; x_wconf 89' lang='lat' dir='ltr'>grauis</span> 
     </span>
     <span class='ocr_line' id='line_1_31' title="bbox 123 3406 1277 3493; baseline -0.003 -20"><span class='ocrx_word' id='word_1_226' title='bbox 123 3445 126 3452; x_wconf 89' lang='lat'><strong>·</strong></span> <span class='ocrx_word' id='word_1_227' title='bbox 173 3436 202 3482; x_wconf 79' lang='lat'>30</span> <span class='ocrx_word' id='word_1_228' title='bbox 226 3411 357 3493; x_wconf 91' lang='lat' dir='ltr'>piscoso</span> <span class='ocrx_word' id='word_1_229' title='bbox 378 3409 452 3472; x_wconf 92' lang='lat' dir='ltr'>sinu</span> <span class='ocrx_word' id='word_1_230' title='bbox 472 3409 611 3484; x_wconf 84' lang='lat' dir='ltr'>Salacia,</span> <span class='ocrx_word' id='word_1_231' title='bbox 629 3418 662 3470; x_wconf 93' lang='lat' dir='ltr'>et</span> <span class='ocrx_word' id='word_1_232' title='bbox 681 3407 796 3488; x_wconf 90' lang='lat' dir='ltr'>auriga</span> <span class='ocrx_word' id='word_1_233' title='bbox 816 3407 975 3488; x_wconf 92' lang='lat' dir='ltr'>paruulus</span> <span class='ocrx_word' id='word_1_234' title='bbox 997 3406 1147 3488; x_wconf 90' lang='lat' dir='ltr'>delphini</span> <span class='ocrx_word' id='word_1_235' title='bbox 1168 3407 1277 3470; x_wconf 91' lang='lat' dir='ltr'>Palae-</span> 
     </span>
     <span class='ocr_line' id='line_1_32' title="bbox 226 3510 1275 3594; baseline -0.003 -17"><span class='ocrx_word' id='word_1_236' title='bbox 226 3535 313 3577; x_wconf 90' lang='lat' dir='ltr'>mon.</span> <span class='ocrx_word' id='word_1_237' title='bbox 352 3513 417 3576; x_wconf 92' lang='lat' dir='ltr'>iam</span> <span class='ocrx_word' id='word_1_238' title='bbox 429 3513 553 3594; x_wconf 89' lang='lat' dir='ltr'>passim</span> <span class='ocrx_word' id='word_1_239' title='bbox 566 3511 669 3574; x_wconf 91' lang='lat' dir='ltr'>maria</span> <span class='ocrx_word' id='word_1_240' title='bbox 683 3512 906 3592; x_wconf 87' lang='lat' dir='ltr'>persultantes</span> <span class='ocrx_word' id='word_1_241' title='bbox 915 3510 1275 3588; x_wconf 59' lang='lat' dir='ltr'>Tritonum&#39;cateruae3</span> 
     </span>
     <span class='ocr_line' id='line_1_33' title="bbox 227 3613 1277 3695; baseline -0.003 -15"><span class='ocrx_word' id='word_1_242' title='bbox 227 3618 280 3682; x_wconf 92' lang='lat' dir='ltr'>hic</span> <span class='ocrx_word' id='word_1_243' title='bbox 303 3618 433 3682; x_wconf 90' lang='lat' dir='ltr'>concha</span> <span class='ocrx_word' id='word_1_244' title='bbox 455 3616 569 3679; x_wconf 88' lang='lat' dir='ltr'>sonaci</span> <span class='ocrx_word' id='word_1_245' title='bbox 591 3615 708 3678; x_wconf 92' lang='lat' dir='ltr'>leniter</span> <span class='ocrx_word' id='word_1_246' title='bbox 731 3614 888 3678; x_wconf 91' lang='lat' dir='ltr'>bucinat:</span> <span class='ocrx_word' id='word_1_247' title='bbox 920 3613 973 3676; x_wconf 92' lang='lat' dir='ltr'>ille</span> <span class='ocrx_word' id='word_1_248' title='bbox 999 3613 1104 3676; x_wconf 92' lang='lat' dir='ltr'>serico</span> <span class='ocrx_word' id='word_1_249' title='bbox 1128 3614 1277 3695; x_wconf 91' lang='lat' dir='ltr'>tegmine</span> 
     </span>
    </p>
   </div>
   <div class='ocr_carea' id='block_1_5' title="bbox 0 0 1479 4236">
    <p class='ocr_par' dir='ltr' id='par_1_5' title="bbox 0 0 1479 4236">
     <span class='ocr_line' id='line_1_34' title="bbox 0 0 1479 4236; baseline 0 0"><span class='ocrx_word' id='word_1_250' title='bbox 0 0 1479 4236; x_wconf 95' lang='lat' dir='ltr'> </span> 
     </span>
    </p>
   </div>
  </div>
 </body>
</html>
