2934 4236
200 313 261 376 166
460 321 670 372 FRAGMENTS
693 322 738 372 or
761 321 887 372 nonnu
910 322 1036 372 sunna

249 479 361 546 labore
378 480 488 541 fessae
510 479 629 560 quietis
651 479 825 542 interuallo
848 478 1032 542 leniantur.’
1102 497 1132 556 3.
1160 479 1298 561 suscipit

249 584 369 648 Ceres:
395 583 478 645 ‘tuis
501 582 635 664 quidem
659 581 842 645 lacrimosis
859 582 1014 664 precibus
1033 592 1067 647 et
1085 603 1298 646 commoueor

248 697 281 749 et
309 687 462 768 opitulari
488 686 595 768 cupi0‚
614 686 673 749 sed
698 695 862 767 cognatae
886 706 989 763 meae,
1006 707 1082 750 cum
1106 708 1172 769 qua
1196 688 1296 751 etiam

247 791 366 853 foedus
378 790 551 872 antiquum
565 789 727 852 amicitiae
740 790 821 866 colo,
835 789 943 853 bonae
956 800 1128 872 praeterea
1140 792 1296 869 feminae,

209 925 223 972 5
248 895 369 956 malam
389 893 529 975 gratiam
551 893 661 956 subire
682 913 820 976 nequeo.
877 894 1002 957 decede
1025 893 1137 977 itaque
1160 895 1202 958 de
1225 895 1298 959 istis

247 997 386 1060 aedibus
413 997 572 1079 protinus,
600 1007 634 1060 et
660 997 749 1080 quod
780 1016 800 1059 a
827 1017 879 1059 me
906 1006 1036 1061 retenta
1065 999 1297 1082 custoditaque

248 1122 313 1164 nou
338 1101 449 1176 fueris
467 1101 584 1182 optimi
606 1101 762 1164 consule.’

292 1215 406 1267 contra
428 1224 522 1285 spem
545 1225 638 1266 suam
662 1205 796 1286 repulsa
819 1206 947 1290 Psyche
971 1215 1004 1270 et
1027 1207 1149 1270 afflicta
1172 1207 1298 1290 duplici

248 1309 420 1385 maestitia,
445 1309 507 1371 iter
529 1319 709 1371 retrorsum
733 1309 915 1390 porrigens
940 1310 1027 1373 inter
1049 1311 1196 1374 subsitae
1221 1332 1298 1375 con·

198 1445 225 1477 10
248 1413 344 1475 uallis
360 1413 568 1475 sublucidum
585 1413 696 1475 lucum
712 1413 872 1495 prospicit
891 1414 1007 1476 fanum
1027 1415 1151 1479 sollerti
1170 1416 1298 1479 fabrica

248 1527 418 1593 structum,
451 1538 513 1580 nec
544 1517 645 1579 ullam
676 1517 730 1580 uel
761 1517 895 1580 dubiam
926 1517 998 1600 spei
1029 1519 1173 1582 melioris
1207 1519 1296 1584 uiam

248 1621 363 1684 uolens
394 1621 544 1685 omittere
576 1622 634 1684 sed
669 1621 760 1684 adire
794 1621 1031 1705 cuiuscumque
1065 1623 1120 1685 dei
1153 1623 1295 1700 ueniam,

248 1725 385 1788 sacratis
407 1725 534 1788 foribus
555 1716 736 1808 proximat
774 1725 866 1788 uidet
888 1725 976 1788 dona
999 1726 1145 1808 pretiosa
1167 1737 1201 1790 et
1224 1727 1298 1790 laci-

248 1829 321 1891 nias
341 1849 421 1892 auro
440 1829 601 1891 litteratas
620 1829 721 1891 ramis
740 1828 893 1891 arborum
916 1829 1133 1912 postibusque
1153 1831 1295 1907 suffixas,

197 1962 224 2010 15
248 1954 334 2014 quae
361 1953 437 1995 cum
465 1932 571 2014 gratia
598 1932 679 1995 facti
705 1952 827 1995 nomen
850 1932 934 1994 deae
956 1932 1010 1995 cui
1033 1933 1166 1996 fuerant
1188 1930 1298 1997 dicata

248 2037 464 2100 testabantur.
525 2047 605 2100 tunc
640 2057 729 2118 genu
763 2035 839 2098 nixa
872 2045 906 2099 et
939 2036 1092 2100 manibus
1128 2058 1219 2099 aram
1253 2048 1298 2101 te-

249 2151 383 2222 pentem
408 2142 559 2223 amplexa
583 2140 723 2203 detersis
746 2148 825 2202 ante
848 2140 991 2203 lacrimis
1012 2140 1058 2204 sic
1080 2141 1296 2223 adprecatur:

248 2265 280 2323 4.
312 2245 440 2327 ‘magni
471 2245 561 2308 Iouis
591 2265 751 2326 germana
783 2254 817 2306 et
846 2243 997 2326 coniuga,
1027 2244 1098 2308 siue
1127 2255 1164 2308 tu
1196 2246 1296 2322 Sami,

249 2369 334 2431 quae
355 2349 471 2431 gerula
492 2359 588 2430 partu
610 2348 793 2430 uagituque
814 2357 848 2411 et
871 2347 1025 2410 alimonia
1048 2358 1106 2411 tua
1128 2350 1296 2430 gloriatur,

195 2480 226 2512 20
248 2462 342 2516 tenes
363 2463 495 2517 uetusta
513 2453 669 2529 delubra;
694 2451 764 2514 siue
786 2452 894 2515 celsae
916 2452 1139 2534 Carthaginis,
1157 2473 1242 2535 quae
1265 2464 1298 2517 te

249 2557 412 2640 uirginem
443 2568 579 2621 uectura
609 2556 715 2620 leonis
746 2557 838 2619 caelo
872 2567 1115 2620 commeantem
1151 2558 1297 2640 percolit,

248 2660 363 2725 beatas
386 2662 483 2725 sedes
506 2662 716 2744 frequentas;
748 2660 819 2723 siue
846 2680 951 2742 prope
977 2659 1068 2742 ripas
1092 2661 1218 2738 Inachi,
1243 2661 1299 2744 qui

248 2766 368 2828 teiam
388 2775 527 2847 nuptam
549 2765 712 2828 Tonantis
735 2774 769 2827 et
791 2763 941 2845 reginam
964 2764 1102 2827 dearum
1126 2777 1296 2842 memorat,

248 2869 368 2933 inclitis
392 2869 594 2951 Argiuorum
619 2869 789 2951 praesides
811 2867 1003 2945 moenibus;
1035 2889 1135 2951 quam
1159 2880 1298 2932 cunctus

196 3001 225 3050 25
249 2975 358 3037 oriens
385 2974 525 3058 Zygiam
552 2982 738 3048 ueneratur,
763 2982 797 3036 et
823 2971 930 3035 omnis
954 2971 1109 3035 occidens
1136 2973 1297 3036 Lucinam

250 3079 415 3160 appellat:
446 3078 491 3140 sis
514 3078 597 3140 meis
622 3076 777 3139 extremis
801 3076 933 3140 casibus
959 3077 1044 3140 Iuno
1068 3077 1211 3159 Sospita,
1234 3098 1299 3140 me-

250 3203 313 3264 que
336 3183 369 3244 in
389 3182 490 3245 tantis
513 3181 688 3244 exantlatis
711 3181 878 3244 laboribus
902 3181 1071 3243 defessam
1096 3180 1298 3244 imminentis

250 3286 388 3366 periculi
408 3296 498 3348 metu
523 3286 633 3348 libera.
681 3286 770 3368 quod
795 3284 907 3361 sciam,
925 3285 1012 3348 soles
1035 3285 1298 3368 praegnantibus

250 3390 511 3471 periclitantibus
533 3391 619 3452 ultro
641 3386 838 3452 subuenire!
886 3389 928 3451 ad
948 3389 1048 3452 istum
1069 3389 1204 3452 modurn
1224 3409 1299 3472 sup

195 3476 232 3569 3οι
250 3493 385 3576 plicanti
401 3493 510 3556 statim
528 3514 601 3556 sese
619 3493 704 3556 Iuno
720 3512 795 3555 cum
812 3492 913 3556 totius
929 3492 980 3555 sui
995 3492 1141 3555 numinis
1157 3502 1300 3574 augusta

250 3597 412 3680 dignitate
436 3607 636 3678 praesentat,
654 3607 687 3659 et
706 3597 866 3679 protinus,
887 3601 1004 3678 ‘quam
1024 3594 1164 3672 uellem,’
1182 3596 1297 3679 inquit,

252 3706 330 3788 ‘per
356 3702 455 3765 fidem
483 3711 601 3766 nutum
628 3720 738 3763 meum
762 3699 917 3786 precibus
939 3699 1005 3766 tuis
1028 3700 1298 3766 accommodare!
