2934 4236
652 281 785 331 sannen
1209 287 1265 350 131

218 437 293 516 tiae,
311 449 344 504 et
366 438 542 503 uidebatur
558 439 715 505 Claudius
736 435 972 524 [sententiam]
993 439 1135 502 uincere.
1185 440 1269 502 Her-

218 543 310 607 cules
325 542 424 619 enim,
442 543 498 625 qui
513 543 642 606 uideret
657 543 782 606 ferrum
799 561 897 605 suum·
917 543 950 605 in
967 543 1044 625 igne
1068 564 1150 618 esse,
1169 545 1268 607 modo

218 648 283 710 huc
300 647 398 710 modo
415 647 492 710 illuc
514 647 669 710 cursabat
690 656 724 709 et
740 645 867 710 aiebat:
893 647 978 709 ‘noli
1003 647 1084 709 mihi
1108 647 1265 721 inuidere,

218 771 293 813 mea
319 771 372 813 res
400 750 525 832 agitur;
557 750 677 813 deinde
705 760 740 813 tu
766 750 794 812 si
820 750 899 833 quid
923 751 1077 827 uolueris
1102 751 1135 813 in
1160 751 1266 814 uicem
1358 741 1365 752 ’

178 886 192 930 5
217 855 356 928 laciam;
381 875 499 917 manus
516 874 651 916 manum
669 854 779 917 lauat!

263 979 315 1024 10.
340 968 421 1022 tunc
436 958 534 1021 diuus
550 958 726 1040 Augustus
743 959 882 1022 surrexit
898 959 1082 1022 sententiae
1093 979 1178 1022 ¹suae
1195 960 1267 1023 loco

216 1064 378 1128 dicendae
409 1072 603 1126 etsumma
633 1063 790 1126 facundia
822 1063 995 1126 disseruit:
1029 1065 1128 1146 ‘ego'
1161 1065 1267 1146 inquit

217 1174 266 1249 ‘p
286 1189 312 1231 c.
331 1187 391 1231 uos
406 1176 510 1230 testes
526 1167 643 1242 habe0,
660 1186 701 1229 ex
716 1187 781 1248 quo
800 1167 883 1230 deus
904 1167 1015 1230 factus
1039 1188 1121 1244 sum,
1139 1169 1266 1230 nullum

216 1293 269 1335 me
288 1272 427 1335 uerbum
446 1270 586 1334 fecisse:
611 1263 744 1352 semper
760 1291 871 1334 meum
893 1271 1064 1352 negotium
1088 1292 1160 1352 ago,
1209 1274 1266 1334 sed

152 1403 191 1450 Ιιο
215 1396 283 1439 non
300 1395 437 1457 possum
454 1375 596 1456 amplius
613 1373 820 1438 dissimulare
841 1384 874 1437 et
898 1375 1055 1451 dolorem,
1073 1396 1171 1458 quem
1196 1397 1267 1456 gra-

215 1479 340 1542 uiorem
370 1479 477 1561 pudor
504 1478 593 1553 facit,
619 1478 796 1541 continere.
852 1479 885 1541 in
913 1479 976 1542 hoc
1004 1489 1092 1541 terra
1119 1481 1266 1562 marique

216 1603 334 1666 pacem
351 1582 488 1665 peperi?
512 1582 586 1645 ideo
605 1582 715 1644 ciuilia
735 1583 822 1644 bella
845 1583 1060 1664 compescui?
1091 1583 1166 1646 ideo
1190 1585 1266 1664 legi-

215 1688 278 1750 bus
304 1687 419 1749 urbem
444 1686 594 1760 fundaui,
620 1685 774 1768 operibus
802 1686 927 1762 ornaui,
952 1686 1130 1769 ut-quid
1158 1687 1265 1750 dicam

216 1812 247 1872 p.
281 1811 307 1854 c.
337 1811 404 1854 non
431 1790 584 1853 inuenio:
616 1790 728 1852 omnia
758 1789 845 1852 inira
875 1789 1138 1872 indignationem
1164 1792 1266 1854 uerba

163 1923 190 1969 ις
216 1905 301 1958 sunt.
349 1894 611 1975 confugiendum
639 1904 689 1956 est
716 1893 827 1976 itaque
854 1894 897 1957 ad
926 1896 1092 1957 Messalae
1121 1895 1264 1970 Coruini,

215 1999 424 2063 disertissimi
461 1998 531 2073 uiri,
567 1997 656 2060 illam
695 1997 896 2060 sententiam
934 1999 1065 2079 “pudet
1104 1999 1263 2080 imperii.”

216 2105 278 2177 hic,
296 2125 328 2185 p.
347 2123 385 2178 c.‚
403 2102 459 2184 qui
475 2102 569 2164 uobis
587 2121 652 2163 non
670 2122 768 2184 posse
785 2101 917 2164 uidetur
937 2122 1087 2164 muscam
1111 2101 1263 2178 excitare,

215 2219 283 2271 tam
299 2207 398 2270 facile
420 2205 571 2269 homines
590 2205 771 2281 occidebat,
789 2227 888 2288 quam
912 2205 1005 2269 canis
1028 2205 1156 2269 adsidit.
1206 2209 1264 2269 scd

215 2312 295 2395 quid
326 2331 389 2392 ego
420 2311 461 2373 de
492 2319 542 2373 tot
572 2330 610 2372 ac
640 2309 762 2372 talibus
793 2309 871 2374 uiris
899 2310 1029 2373 dicam?
1075 2331 1142 2372 non
1168 2322 1265 2373 uacat

162 2443 191 2474 ω
215 2416 337 2479 deflere
353 2414 504 2496 publicas
521 2413 633 2477 clades
649 2413 790 2476 intuenti
809 2414 990 2478 domestica
1010 2416 1105 2476 mala.
1153 2415 1264 2496 itaque

214 2520 270 2582 illa
297 2519 455 2594 omittam,
482 2519 565 2581 haec
592 2518 755 2594 referam;
787 2538 865 2579 nam
889 2517 988 2581 etiam
1017 2518 1044 2581 si
1071 2539 1164 2581 soror
1190 2540 1265 2581 mea

219 2620 382 2708 [Graece]
416 2622 532 2697 nescit,
560 2641 624 2702 ego
652 2622 738 2684 scio:
770 2617 880 2700 ἔγγιον
909 2619 986 2701 γόνυ
1015 2619 1146 2700 κνήμης.
1202 2623 1263 2686 iste

159 2805 162 2809 .
214 2748 313 2810 quem
340 2725 470 2802 uidetis,
499 2745 559 2808 per
584 2735 633 2788 tot
660 2745 766 2788 annos
794 2725 855 2788 sub
883 2746 957 2789 meo
984 2727 1119 2789 nomine
1146 2726 1261 2801 latenS,

215 2833 301 2895 hanc
328 2830 409 2894 mihi
435 2830 576 2912 gratiam
604 2829 739 2903 rettulit,
768 2839 804 2892 ut
835 2831 918 2892 duas
951 2830 1052 2892 Iulias
1084 2840 1263 2911 proneptes

162 2968 189 3014 25
214 2956 305 2999 meas
339 2933 513 3010 occideret,
545 2933 681 2996 alteram
716 2933 814 3008 ferro,
847 2934 984 2996 alteram
1020 2934 1128 3008 fame;
1160 2947 1262 2996 unum

213 3040 413 3121 abnepotem
443 3038 480 3100 L.
511 3037 670 3111 Silanum,
696 3037 818 3099 uideris
848 3037 999 3119 Iuppiter
1026 3058 1067 3098 an
1099 3037 1132 3098 in
1163 3058 1263 3100 causa

214 3145 309 3219 mala,
327 3151 415 3206 certe
439 3141 472 3204 in
495 3151 563 3216 tua,
581 3139 608 3202 si
631 3160 730 3202 aecus
754 3141 886 3203 iuturus
910 3161 955 3204 es.
1003 3141 1055 3204 dic
1080 3141 1167 3214 mihi,
1187 3142 1262 3204 diue

215 3246 341 3322 Claudi,
359 3265 461 3328 quare
477 3264 677 3326 quemquam
694 3265 734 3306 ex
750 3244 810 3318 his,
828 3265 911 3326 quos
931 3265 1079 3327 quasque
1104 3245 1261 3319 occidisti,

213 3361 393 3433 antequam
427 3350 469 3412 de
503 3368 604 3411 causa
637 3368 866 3428 cognosceres,
905 3358 1084 3430 antequam
1120 3349 1260 3422 audires,

160 3487 189 3530 30
213 3453 403 3518 damnasti?
449 3453 512 3515 hoc
550 3451 608 3513 ubi
645 3451 715 3514 fieri
753 3451 861 3514 solet?
907 3452 940 3513 in
979 3453 1071 3514 caelo
1110 3473 1176 3513 non
1216 3453 1260 3514 fit.

215 3579 265 3623 11.
293 3577 370 3622 ecce
400 3556 560 3638 Iuppiter,
585 3555 642 3636 qui
666 3564 715 3617 tot
742 3575 847 3617 annos
873 3565 998 3636 regnat,
1028 3555 1085 3617 uni
1112 3555 1262 3618 Volcano

213 3681 288 3728 crus
312 3661 421 3743 fregit,
445 3681 544 3743 quem
