2934 4236
651 251 785 302 sannen
1209 258 1266 323 135

215 430 292 474 curn
315 411 436 493 plausu
460 410 646 493 procedunt
669 417 863 473 cantantes:
890 406 1076 492 εὑρήκαμεν,
1093 409 1269 495 συγχαίρο-

216 535 282 592 peu.
329 515 383 578 hic
406 524 478 577 erat
496 515 532 580 C.
551 513 653 578 Silius
673 514 790 577 consul
813 513 1017 594 designatus
1036 515 1161 578 Iuncus
1178 535 1268 596 prae-

215 619 330 694 torius,
356 619 430 684 Sex.
459 619 613 694 Traulus,
641 619 686 680 M.
714 617 867 693 Heluius,
891 619 1033 698 Trogus,
1059 619 1167 694 Cotta,
1192 620 1269 682 Vet-

215 721 281 786 tius
298 707 436 798 Valens,
455 721 579 785 Fabius
602 721 731 804 equites
752 723 791 784 R.
810 741 894 803 quos
918 721 1095 785 Narcissus
1114 721 1191 785 duci
1207 722 1269 784 ius

177 853 194 902 5
216 836 314 890 serat.
363 825 491 888 medius
514 835 585 888 erat
612 825 646 888 in
672 827 734 888 hac
761 824 968 888 cantantium
995 824 1093 889 turba
1118 827 1269 888 Mnester

216 929 454 1012 pantomimus,
486 949 587 1011 quem
619 928 777 994 Claudius
811 927 939 990 decoris
975 947 1075 990 causa
1107 929 1268 992 minorem

217 1034 352 1096 fecerat.
400 1033 442 1095 ad
468 1032 814 1096 Messalinam—cito
837 1051 949 1094 rumor
964 1031 1153 1114 percrebuit
1174 1033 1269 1097 Clau-

217 1116 309 1200 dium
333 1136 727 1200 uenisse-conuolant:
753 1135 850 1217 primi
873 1135 1021 1198 omniurn
1044 1135 1153 1199 liberti
1178 1137 1270 1220 Poly-

217 1240 301 1315 bius,
328 1242 459 1325 Myron,
482 1241 688 1322 Harpocras,
703 1241 910 1322 Amphaeus‚
933 1240 1168 1316 Pheronactus,
1185 1261 1269 1323 quos

166 1375 196 1408 ιο
219 1344 379 1409 Claudius
407 1365 532 1420 omnes,
558 1344 680 1408 necubi
706 1344 889 1426 imparatus
913 1353 1012 1420 esset,
1040 1344 1267 1427 praemiserat.

218 1448 341 1512 deinde
364 1448 527 1530 praefecti
547 1449 614 1512 duo
637 1449 751 1512 Iustus
769 1447 931 1511 Catonius
948 1458 981 1511 et
999 1448 1138 1512 Rufrius
1156 1449 1267 1511 Pollio.

219 1552 340 1615 deinde
367 1552 465 1616 amici
490 1552 688 1624 Saturninus
715 1551 836 1615 Lusius
861 1561 895 1614 et
921 1553 1010 1615 Pedo
1035 1553 1212 1634 Pompeius
1237 1563 1271 1616 et

221 1656 339 1738 Lupus
362 1665 395 1719 et
419 1656 516 1722 Celer
538 1655 677 1720 Asinius
704 1657 905 1719 consulares.
952 1655 1131 1718 nouissime
1158 1656 1270 1719 fratris

219 1759 295 1836 filia,
324 1759 446 1823 sororis
473 1759 548 1835 filia,
577 1759 700 1841 generi,
731 1760 845 1836 soceri,
874 1780 998 1833 socrus,
1027 1779 1143 1823 omnes
1171 1761 1269 1842 plane

168 1891 195 1938 15
219 1863 471 1946 consanguinei.
532 1872 566 1927 et
602 1863 736 1944 agmine
773 1863 864 1927 facto
903 1864 1043 1928 Claudio
1081 1874 1267 1927 occurrunt.

220 1989 304 2050 quos
334 1988 410 2031 cum
441 1967 580 2031 uidisset
610 1968 777 2041 Claudius,
810 1969 991 2032 exclamat:
1023 1963 1132 2029 πάντα
1163 1963 1271 2048 dalton

219 2068 342 2152 πλήρη,
369 2071 550 2154 ‘quomodo
569 2072 634 2135 huc
659 2072 797 2136 uenistis
820 2073 922 2135 uos?’
968 2082 1039 2135 tum
1064 2073 1153 2134 Pedo
1178 2073 1270 2135 Pom-

219 2175 334 2258 peius:
367 2175 465 2259 ‘quid
492 2175 584 2252 dicis,
608 2176 708 2239 homo
735 2176 984 2239 crudelissime?
1030 2176 1162 2258 quaeris
1192 2197 1270 2258 quo-

219 2280 342 2343 modo?
386 2279 461 2362 quis
477 2279 566 2343 enirn
582 2301 644 2344 nos
660 2281 743 2344 alius
760 2283 824 2344 huc
841 2281 929 2344 misit
945 2301 1045 2363 quam
1061 2290 1106 2356 tu,
1120 2281 1268 2343 omnium

167 2413 196 2446 ω
218 2385 400 2448 amicorum
413 2383 631 2464 interfector,l
676 2385 710 2446 in
726 2385 777 2448 ius
793 2405 924 2448 eamus:
948 2404 1011 2466 ego
1027 2384 1087 2447 tibi
1103 2383 1156 2448 hic
1170 2385 1269 2447 sellas

218 2489 413 2552 ostendam’

264 2612 316 2671 14.
342 2592 434 2656 ducit
457 2592 549 2656 illum
573 2593 615 2656 ad
639 2591 784 2656 tribunal
807 2592 930 2656 Aeaci:
961 2592 988 2656 is
1015 2593 1089 2674 lege
1114 2592 1268 2657 Cornelia

218 2717 303 2779 quae
329 2697 372 2760 de
398 2697 525 2761 sicariis
552 2697 620 2760 lata
643 2706 702 2772 est,
727 2697 916 2779 quaerebat.
964 2697 1118 2778 postulat,
1144 2716 1267 2758 nornen

217 2801 288 2864 eius
312 2799 470 2882 recipiat;
505 2801 573 2864 edit
604 2800 902 2882 subscriptionem:
938 2801 1064 2864 occisos
1096 2810 1267 2863 senatores

165 2932 193 2979 ας
217 2904 360 2980 XXXV,
388 2904 517 2987 equites
550 2905 589 2967 R.
619 2904 774 2980 CCXXI,
801 2913 929 2967 ceteros
956 2900 1018 2964 ὅσα
1048 2897 1206 2986 ψάμαθός
1234 2926 1268 2965 τε

215 3005 298 3073 κόνις
328 3030 370 3070 τε.
425 3009 625 3072 aduocatum
657 3029 724 3072 non
756 3008 891 3070 inuenit.
946 3008 1081 3070 tandem
1116 3008 1266 3089 procedit

174 3147 175 3151 =
217 3113 250 3174 P.
277 3112 460 3188 Petronius,
478 3122 575 3175 uetus
599 3112 769 3176 conuictor
792 3112 871 3188 eius,
890 3113 989 3174 homo
1009 3111 1193 3175 Claudiana
1209 3112 1266 3174 lin·
1325 3187 1329 3196 .

214 3236 282 3297 gua
315 3217 468 3292 disertus,
500 3227 534 3280 et
569 3217 715 3298 postulat
747 3216 1008 3279 aduocationem.
1056 3237 1124 3279 non
1156 3217 1262 3278 datur.

214 3330 349 3384 accusat
385 3321 475 3384 Pedo
511 3321 689 3404 Pompeius
722 3321 852 3401 magnis
883 3320 1090 3384 clamoribus.
1149 3320 1264 3402 incipit

161 3452 190 3498 30
213 3433 375 3506 patronus
398 3425 484 3488 uelle
508 3426 718 3506 respondere.
766 3426 910 3500 Aeacus
931 3425 1030 3487 homo
1053 3424 1261 3498 iustissimus,

213 3537 305 3592 uetat
328 3538 361 3591 et
384 3529 475 3591 illum
500 3531 603 3592 altera
626 3539 754 3592 tantum
775 3539 869 3610 parte
886 3529 997 3591 audita
1014 3529 1214 3591 condemnat
1230 3537 1263 3590 et

213 3632 277 3695 ait:
304 3628 376 3694 αἴκε
395 3627 497 3693 πάθοι
513 3629 555 3693 τά
570 3629 598 3693 τ’
616 3629 709 3714 ἔρεξε,
727 3628 799 3710 δίκη
816 3630 845 3692 κ’
864 3627 946 3694 ἰθεῖα
963 3628 1096 3710 «γένοιτο.
1134 3632 1262 3726 ⁴ingens
