2934 4236
623 313 792 366 Arvrarvs
1201 323 1257 388 171

208 475 331 538 uulnus
352 483 516 556 grauaret,
534 474 654 556 partim
673 493 716 536 ne
739 493 814 536 cum
838 493 898 536 sua
921 473 1034 554 cupita
1057 476 1258 539 conueniret.

209 578 353 660 sicergo
372 579 525 660 distentis
544 588 577 641 et
596 577 657 641 sub
677 598 743 640 uno
763 587 851 640 tecto
874 579 1035 659 separatis
1057 580 1260 644 amatoribus

207 692 294 745 tetra
310 703 375 745 nox
389 683 570 746 exanclata.

253 786 313 849 sed
339 807 458 849 aurora
481 787 692 850 commodum
715 785 921 868 inequitante
948 797 1086 851 uocatae
1110 787 1259 872 Psychae

169 918 183 966 5
208 892 325 954 Venus
341 890 413 952 infit
428 890 525 953 talia:
551 890 709 953 ‘uidesne
721 890 801 952 illud
820 909 939 953 nemus
955 891 1042 972 quod
1056 891 1156 954 fluuio
1169 912 1261 974 prae-

209 994 365 1058 terluenti
391 993 537 1076 ripisque
564 993 673 1075 longis
696 994 886 1070 attenditur,
911 994 1005 1056 euius
1032 995 1088 1056 imi
1111 995 1260 1076 gurgites

209 1097 355 1160 uicinum
379 1099 508 1161 fontem
536 1097 746 1179 despiciunt?
773 1117 853 1160 oues
880 1097 925 1159 ibi
951 1097 1095 1160 nitentes
1122 1099 1259 1181 aurique

209 1203 318 1265 colore
345 1201 502 1264 florentes
529 1201 730 1264 incustodito
757 1211 856 1284 pastu
884 1212 1056 1282 uagantur.
1113 1202 1190 1265 inde
1218 1204 1259 1266 de

210 1326 304 1368 coma
331 1305 467 1388 pretiosi
494 1305 626 1368 uelleris
654 1305 793 1369 floccum
821 1305 900 1366 mihi
924 1306 1100 1368 confestim
1126 1328 1259 1389 quoquo

157 1440 185 1472 10
210 1411 308 1472 modo
331 1409 518 1492 quaesitum
542 1409 666 1472 afferas
689 1410 830 1473 cense0.’

256 1531 307 1578 12.
333 1513 478 1595 perrexit
500 1514 629 1598 Psyche
648 1513 799 1576 uolenter
819 1533 887 1576 non
908 1513 1103 1596 obsequium
1125 1514 1259 1596 quidem

210 1617 265 1679 illa
287 1617 443 1680 functura
466 1617 525 1680 sed
549 1617 696 1699 requiem
718 1617 880 1680 malorum
902 1617 1096 1698 praecipitio
1117 1617 1259 1682 fluuialis

209 1721 301 1802 rupis
332 1721 494 1783 habitura.
556 1722 614 1784 sed
645 1721 723 1784 inde
753 1721 796 1784 de
826 1720 927 1783 fluuio
963 1721 1113 1784 Musicae
1147 1722 1259 1785 suauis

209 1825 373 1888 nutricula
400 1824 467 1887 leni
493 1825 621 1906 crepitu
649 1823 754 1888 dulcis
781 1845 882 1887 aurae
909 1824 1068 1887 diuinitus
1099 1825 1259 1906 inspirata

157 1959 183 2004 15
209 1928 255 1991 sic
275 1927 473 1992 uaticinatur
489 1929 616 1991 arundo
636 1928 768 1990 uiridis:
794 1929 950 2012 ‘Psyche
968 1928 1070 1990 tantis
1091 1929 1259 1992 aerumnis

208 2032 361 2108 exercita,
397 2053 505 2114 neque
540 2042 597 2095 tua
631 2032 815 2096 miserrima
853 2041 958 2094 morte
997 2052 1088 2094 meas
1126 2043 1258 2096 sanctas

208 2157 311 2218 aquas
335 2137 473 2218 polluas
491 2156 553 2199 nec
576 2155 655 2198 uero
679 2135 773 2198 istius
796 2155 873 2198 orae
893 2145 1009 2199 contra
1030 2136 1259 2200 formidabiles

208 2260 288 2303 oues
312 2241 402 2306 feras
423 2240 557 2303 aditum.
605 2240 715 2322 quoad
736 2239 778 2302 de
798 2239 876 2302 solis
892 2239 1067 2320 flagrantia
1088 2249 1258 2304 mutuatae

208 2346 360 2420 calorem,
392 2344 477 2407 truci
503 2344 594 2407 rabie
621 2344 728 2407 solent
755 2343 876 2418 efferri,
905 2364 1073 2426 cornuque
1101 2354 1198 2407 acuto
1225 2355 1258 2407 et

155 2481 184 2512 ω
208 2450 318 2512 fronte
349 2470 449 2512 saxea
479 2458 512 2512 et
542 2469 794 2530 nonnumquam
825 2447 998 2510 uenenatis
1029 2448 1193 2510 morsibus
1224 2448 1257 2510 in

208 2553 342 2616 exitium
364 2553 493 2616 saeuire
517 2553 722 2629 mortalium;
747 2553 805 2616 sed
829 2553 908 2614 dum
932 2551 1086 2615 meridies
1110 2551 1187 2614 solis
1211 2572 1259 2614 se-

208 2657 336 2721 dauerit
359 2678 528 2740 uaporem,
546 2667 579 2720 et
602 2657 732 2739 pecuda
755 2657 891 2738 spiritus
914 2655 1055 2718 fluuialis
1079 2655 1257 2718 serenitate

207 2762 467 2844 conquieuerint,
482 2763 605 2844 poteris
622 2762 684 2824 sub
700 2762 756 2825 illa
772 2761 1003 2843 procerissima
1016 2760 1160 2841 platan0,
1172 2779 1257 2842 quae

207 2885 337 2928 mecum
354 2867 451 2928 simul
467 2887 569 2929 unum
587 2867 748 2928 fluentum
764 2866 855 2941 bibit,
874 2865 1015 2928 latenter
1033 2864 1256 2940 abscondere3

154 2998 182 3044 ας
207 2979 247 3042 et,
266 2970 501 3052 cumprimum
521 2970 671 3051 mitigata
689 2969 775 3032 furia
794 2969 978 3032 laxauerint
997 2989 1077 3032 oues
1099 2967 1255 3043 animum,

207 3074 374 3155 percussis
408 3074 582 3138 frondibus
620 3073 738 3155 attigui
775 3073 919 3136 nemoris
955 3073 1107 3135 lanosum
1140 3091 1257 3133 aurum

206 3177 362 3259 reperies,
394 3179 483 3261 quod
514 3178 638 3260 passim
670 3177 827 3259 stirpibus
861 3177 995 3240 conexis
1028 3175 1256 3240 obhaerescit.’

210 3299 260 3358 13.
287 3281 333 3345 sic
350 3283 478 3346 arundo
495 3283 634 3364 simplex
650 3292 683 3344 et
700 3283 846 3344 humana
864 3281 1016 3365 Psychen
1038 3279 1256 3361 aegerrimam

207 3387 349 3449 salutem
376 3407 470 3450 suam
498 3387 646 3450 docebat.
694 3406 756 3448 nec
780 3385 943 3448 ascultatu
971 3384 1104 3466 penitus
1129 3383 1258 3446 intento

153 3517 182 3563 30
206 3489 384 3572 diligenter
406 3490 567 3554 instructa
591 3491 646 3552 illa
670 3489 831 3565 cessauit;
864 3489 923 3551 sed
948 3488 1131 3552 obseruatis
1157 3485 1258 3549 omni-

206 3593 268 3656 bus
299 3595 462 3657 furatrina
493 3594 583 3657 facili
614 3593 767 3656 flauentis
794 3592 866 3655 auri
892 3592 1029 3656 mollitie
1059 3599 1257 3673 congestum

206 3699 369 3783 gremium
393 3698 518 3763 Veneri
540 3707 696 3784 reportat.
