2934 4236
200 285 259 365 138
459 291 671 342 rmouunns
693 291 738 341 or
761 290 887 340 norrun
911 290 1037 340 sunna

249 451 332 515 uidit
355 471 391 514 se
414 449 609 514 moriturum
633 467 717 524 esse,
736 449 837 512 horae
861 447 1005 530 spatium
1022 448 1117 530 petiit
1133 457 1167 512 et
1183 437 1303 514 cocum

249 555 380 637 rogauit
401 564 437 618 ut
459 562 697 618 testamentum
718 553 830 615 lacere
852 561 974 633 posset.
1024 552 1180 615 clamauit
1201 553 1244 616 ad
1266 574 1304 617 se

250 679 327 723 suos
351 667 518 742 parentes,
535 665 572 720 ut
594 655 637 719 de
659 655 791 720 cibariis
814 655 883 718 suis
908 655 1031 737 aliquid
1047 655 1227 720 dimitteret
1244 657 1301 720 eis.

249 762 306 845 qui
322 763 385 826 ait:

212 897 226 944 5
295 866 399 949 ‘patri
422 885 496 928 meo
512 863 655 929 Verrino
680 862 826 926 Lardino
848 863 890 925 do
907 862 983 944 lego
999 863 1071 926 dari
1088 864 1219 946 glandis
1236 886 1305 928 mo·

250 971 322 1034 dios
347 971 457 1045 XXX,
475 979 509 1034 et
536 969 632 1031 matri
659 988 754 1031 meae
781 967 964 1032 Veturinae
994 969 1134 1034 Scrofae
1161 969 1204 1031 do
1225 970 1303 1050 lego

250 1074 322 1137 dari
346 1073 532 1138 Laconicae
549 1072 688 1154 siliginis
704 1071 832 1135 modios
849 1072 923 1148 XL,
943 1082 976 1136 et
993 1073 1096 1136 sorori
1112 1092 1207 1135 meae
1224 1073 1304 1155 Qui·

251 1179 351 1252 rinae,
370 1178 403 1241 in
427 1177 520 1241 cuius
544 1185 659 1241 uotum
683 1176 844 1240 interesse
870 1196 937 1239 non
961 1176 1062 1258 potui,
1080 1177 1123 1240 do
1140 1177 1215 1258 lego
1231 1177 1305 1240 dari

251 1283 366 1346 hordei
383 1281 510 1345 modios
527 1281 636 1344 XXX.
676 1281 764 1343 etde
781 1280 863 1343 meis
877 1280 1059 1344 uisceribus
1071 1280 1157 1344 dabo
1170 1281 1304 1344 donabo

201 1418 228 1450 10
251 1387 417 1450 sutoribus
448 1395 568 1461 saetas
600 1385 761 1448 rixoribus
789 1384 962 1466 capitinas,
993 1384 1100 1447 surdis
1128 1385 1303 1460 auriculas,

251 1489 426 1554 causidicis
449 1499 482 1553 et
505 1489 655 1553 uerbosis
679 1489 837 1570 linguam,
859 1487 1041 1552 bubulariis
1065 1488 1231 1564 intestina,
1253 1489 1305 1551 isi·

252 1594 360 1658 ciariis
394 1595 531 1670 lemora,
564 1592 757 1656 mulieribus
790 1592 966 1668 lumbulos,
1000 1592 1110 1674 pueris
1145 1592 1302 1668 uesicam,

252 1699 370 1781 puellis
393 1699 544 1774 caudam,
562 1697 710 1761 cinaedis
733 1697 909 1770 musculos,
935 1696 1124 1759 cursoribus
1148 1706 1181 1760 et
1204 1717 1306 1759 uena-

253 1802 378 1866 toribus
408 1803 503 1878 talos,
528 1802 712 1866 latronibus
743 1801 896 1882 ungulas.
943 1810 977 1862 et
1007 1820 1068 1863 nec
1100 1801 1304 1865 nominando

202 1937 228 1983 15
253 1927 333 1970 coco
357 1907 466 1989 legato
490 1907 619 1970 dimitto
643 1905 778 1989 popiam
806 1915 839 1967 et
866 1903 1035 1986 pistillum,
1060 1921 1146 1986 quae
1170 1924 1304 1968 mecum

254 2011 448 2073 attuleram:
472 2012 513 2074 de
538 2011 683 2074 Tebeste
707 2029 811 2091 usque
828 2009 870 2071 ad
886 2009 1048 2089 Tergeste
1065 2007 1146 2089 liget
1162 2008 1226 2072 sibi
1241 2009 1305 2071 col-

254 2116 321 2177 lum
345 2115 386 2177 de
410 2125 506 2178 reste.
554 2124 587 2178 et
610 2115 686 2177 uolo
710 2113 791 2175 mihi
817 2111 888 2175 fieri
914 2121 1166 2176 monumentum
1194 2112 1304 2175 aureis

254 2219 370 2281 litteris
401 2219 579 2306 scriptum:
617 2224 634 2250 ‘¹
648 2219 693 2280 M.
727 2215 897 2281 Grunnius
929 2216 1107 2279 Corocotta
1139 2216 1305 2297 porcellus

254 2323 334 2385 uixit
350 2323 445 2385 annis
464 2323 614 2386 DCCCC
640 2352 647 2366 ·
673 2321 735 2385 XC
759 2351 766 2365 ·
790 2321 898 2383 VIIII
927 2351 934 2366 ·
961 2319 985 2383 S
1011 2350 1018 2364 ·
1044 2320 1132 2401 quod
1150 2319 1177 2382 si
1193 2320 1306 2382 semis-

202 2459 230 2490 ω
254 2447 323 2489 sem
348 2426 491 2501 uixisset,
510 2426 597 2488 mille
621 2445 727 2487 annos
751 2423 965 2506 implesset.”·
1001 2423 1118 2504 optimi
1137 2434 1305 2488 amatores

254 2530 318 2592 mei
342 2531 395 2592 uel
419 2531 572 2593 consules
596 2529 694 2604 uitae,
718 2548 800 2609 rogo
825 2548 885 2590 uos
910 2536 946 2589 ut
969 2547 1044 2590 cum
1069 2547 1207 2609 corpore
1229 2549 1305 2592 meo

254 2633 491 2708 benefaciatis,
505 2633 590 2696 bene
603 2631 766 2696 condiatis
782 2631 824 2694 de
839 2630 936 2694 bonis
948 2629 1168 2693 condimentis
1183 2631 1304 2708 nuclei,

254 2738 377 2820 piperis
394 2747 427 2800 et
450 2737 564 2812 mellis,
579 2747 615 2800 ut
631 2755 752 2799 nomen
769 2755 879 2798 meum
896 2734 929 2796 in
947 2733 1186 2816 sempiternum
1203 2735 1306 2797 nomi-

254 2852 359 2904 netur.
406 2841 471 2904 mei
498 2840 623 2903 domini
649 2840 702 2902 uel
720 2838 918 2902 consobrini
945 2836 1018 2924 mei,
1045 2837 1101 2919 qui
1130 2837 1163 2900 in
1194 2839 1305 2902 medio

202 2977 228 3023 25
254 2955 454 3008 testamento
471 2943 676 3019 interfuistis,
694 2943 805 3006 iubete
823 2939 968 3024 signari!

300 3049 420 3111 Lardio
444 3047 598 3130 signauit.
646 3046 809 3112 Ofellicus
826 3045 980 3127 signauit.
1029 3044 1224 3130 Cyminatus
1242 3045 1306 3128 sig-

254 3153 354 3214 nauit.
401 3151 588 3215 Lucanicus
619 3150 771 3233 signauit.
813 3149 980 3232 Tergillus
1007 3149 1160 3231 signauit.
1204 3149 1305 3214 Celsi-

255 3277 316 3317 nus
334 3255 485 3336 signauit.
534 3255 744 3338 Nuptialicus
761 3254 913 3336 signauit.

298 3359 430 3440 explicit
452 3369 689 3422 testamentum
714 3358 851 3441 porcelli
870 3357 931 3420 sub
947 3357 1000 3421 die
1017 3357 1101 3422 XVI
1120 3355 1184 3420 kal.
1202 3356 1306 3421 lucer·
1329 3413 1337 3426 .

201 3495 231 3540 3ο
254 3463 350 3525 ninas
368 3462 543 3526 Clibanato
560 3473 593 3526 et
611 3463 765 3544 Piperato
782 3461 973 3552 consulibus
989 3459 1139 3524 feliciter.
1244 3525 1247 3532 Α
