2934 4236
640 251 775 302 saur-:cn
1200 257 1261 324 127

207 409 360 473 dextrum
387 409 528 472 trahere.
587 407 758 490 quaesisse
786 427 831 484 se,
860 408 954 472 cuius
981 409 1125 476 nationis
1151 421 1259 475 esset:

207 513 421 595 respondisse
448 512 560 576 nescio
588 512 666 594 quid
694 512 888 594 perturbato
913 533 996 576 sono
1022 523 1056 576 et
1080 534 1162 578 uoce
1185 535 1260 578 con-

207 619 301 694 iusa;
333 637 400 679 non
428 616 621 698 intellegere
648 636 684 680 se
715 616 862 697 linguam
893 617 973 693 eius,
1001 637 1063 681 nec
1095 619 1258 683 Graecum

207 740 282 784 esse
298 740 360 784 nec
379 722 568 783 Romanum
585 739 647 782 nec
664 719 762 783 ullius
779 721 889 801 gentis
905 731 1012 785 notae.
1059 732 1130 785 tum
1149 725 1259 806 Iuppi-

169 859 183 904 5
207 835 258 888 ter
278 825 469 899 Herculem,
493 824 551 906 qui
573 833 680 887 totum
704 823 819 886 orbem
842 834 1005 887 terrarum
1030 839 1260 908 pererrauerat

208 939 241 992 et
263 949 363 991 nosse
387 927 563 992 uidebatur
585 947 702 990 omnes
725 928 887 1004 nationes,
912 929 1003 993 iubet
1026 931 1073 993 ire
1096 940 1129 994 et
1152 934 1261 1014 explo-

208 1053 290 1112 rare,
308 1053 448 1116 quorum
466 1031 637 1095 hominum
658 1041 755 1095 esset.
802 1042 873 1095 tum
894 1033 1059 1098 Hercules
1082 1035 1189 1118 primo
1212 1057 1260 1099 as-

209 1147 308 1219 pectu
336 1156 416 1200 sane
444 1135 656 1218 perturbatus
683 1145 743 1212 est,
772 1145 810 1199 ut
836 1137 893 1219 qui
919 1137 1019 1200 etiam
1049 1159 1118 1202 non
1149 1141 1261 1203 omnia

208 1251 358 1304 monstra
378 1239 532 1304 timuerit.
580 1249 617 1303 ut
640 1240 723 1303 uidit
746 1241 826 1304 noui
849 1241 982 1322 generis
1005 1243 1134 1320 faciem,
1152 1244 1261 1308 insoli-

157 1377 185 1410 10
209 1355 279 1408 tum
313 1345 489 1420 incessum,
522 1365 640 1408 uocem
671 1344 793 1408 nullius
824 1345 988 1409 terrestris
1019 1347 1171 1411 animalis
1202 1350 1260 1412 sed

209 1449 315 1532 qualis
338 1469 413 1512 esse
432 1448 567 1512 marinis
591 1448 697 1512 beluis
722 1450 815 1525 solet,
833 1469 967 1512 raucam
991 1460 1024 1513 et
1047 1451 1258 1534 implicatam,

210 1553 341 1635 putauit
357 1552 419 1615 sibi
433 1552 568 1624 tertium
585 1553 751 1616 decimum
768 1553 916 1617 laborem
936 1554 1077 1618 uenisse.
1125 1555 1261 1638 diligen-

209 1657 274 1720 tius
301 1655 443 1719 intuenti
465 1656 557 1719 uisus
580 1666 631 1719 est
653 1657 750 1739 quasi
773 1658 881 1720 homo.
929 1659 1070 1722 accessit
1092 1659 1205 1743 itaque
1228 1671 1261 1724 et

209 1761 298 1844 quod
314 1761 507 1824 facillimum
525 1761 589 1823 fuit
605 1761 778 1837 Graecum,
797 1762 861 1824 ait:

159 1950 185 1996 1⁵
297 1912 344 1980 τίς
360 1909 459 1976 πόθεν
473 1910 516 1980 εἷς
532 1909 664 1998 ἀνδρῶν,
681 1909 759 1976 πόθι
775 1937 825 1976 τοι
840 1912 936 1981 πόλις
952 1911 1009 1996 ἠδὲ
1024 1921 1155 1998 caurien

211 2073 370 2140 Claudius
397 2074 522 2155 gaudet
549 2093 623 2137 esse
650 2073 715 2136 illic
743 2073 931 2156 philologos
959 2075 1120 2152 homines,
1150 2089 1262 2159 sperat

210 2179 359 2242 futurum
387 2177 530 2259 aliquem
558 2177 702 2240 historiis
730 2177 798 2241 suis
823 2179 940 2241 locum.
992 2179 1103 2262 itaque
1130 2191 1164 2244 et
1190 2181 1261 2264 ipse

212 2282 393 2346 Homerico
410 2301 510 2344 uersu
527 2282 705 2346 Caesarem
722 2301 758 2344 se
775 2301 849 2344 esse
866 2282 1057 2363 significans
1074 2284 1138 2348 ait:

297 2429 434 2498 Ἰλιόθεν
448 2457 488 2511 με
503 2431 608 2518 φέρων
623 2431 735 2511 ἄνεμος
753 2432 931 2497 Κικόνεσσι
946 2431 1126 2502 πέλασσεν.

159 2629 188 2661 20
211 2603 283 2659 erat
298 2603 409 2658 autem
426 2613 570 2676 sequens
586 2613 703 2656 uersus
719 2592 837 2670 uerior,
855 2613 960 2676 aeque
978 2595 1198 2661 Homericus:

298 2742 417 2810 ἔνθαδ’
433 2743 498 2827 ἐγὼ
513 2745 612 2810 πόλιν
627 2741 778 2830 ἔπραθον,
796 2741 906 2809 ὤλεσα
923 2742 949 2807 δ’
965 2745 1088 2813 αὐτούς.

212 2909 245 2974 6.
270 2917 304 2972 et
318 2907 523 2990 imposuerat
541 2906 680 2970 Herculi
695 2905 830 2969 minime
849 2905 957 2981 uafr0,
974 2904 1038 2968 nisi
1056 2906 1175 2970 fuisset
1198 2909 1262 2973 illic

213 3011 340 3088 Febris,
366 3031 452 3094 quae
479 3011 559 3074 fano
587 3032 646 3074 suo
674 3010 793 3073 relicto
815 3009 891 3073 sola
913 3029 988 3071 cum
1020 3009 1075 3072 illo
1106 3023 1263 3075 uenerat:

212 3125 340 3178 ceteros
370 3135 486 3180 omnes
518 3115 598 3178 deos
631 3116 758 3178 Romae
789 3115 975 3197 reliquerat.
1031 3113 1129 3177 ‘iste’
1157 3115 1263 3198 inquit

160 3249 189 3298 25
214 3224 323 3284 ‘mera
350 3219 524 3283 mendacia
550 3231 671 3283 narrat.
718 3241 782 3302 ego
807 3221 867 3283 tibi
890 3220 973 3296 dico,
999 3239 1182 3302 quaecum
1207 3220 1261 3283 illo

212 3335 261 3389 tot
284 3324 380 3388 annis
403 3324 487 3387 uixi:
521 3324 701 3406 Luguduni
723 3335 822 3388 natus
846 3335 906 3401 est,
930 3325 1037 3388 Marci
1061 3323 1262 3405 municipem

213 3429 315 3493 uides.
363 3429 449 3510 quod
475 3428 535 3490 tibi
561 3449 669 3503 narro,
696 3429 738 3491 ad
766 3439 895 3492 sextum
922 3429 1088 3492 decimum
1117 3429 1262 3510 lapidem

213 3543 312 3596 natus
343 3543 394 3595 est
424 3553 443 3594 a
470 3532 611 3608 Vienna,
641 3532 756 3596 Gallus
786 3553 975 3614 germanus.
1031 3533 1142 3616 itaque
1174 3535 1263 3615 quod

215 3636 348 3701 Gallum
364 3635 475 3699 lacere
494 3635 677 3718 oportebat,
697 3637 838 3699 Romam
860 3637 956 3718 cepit.
1004 3637 1092 3700 hunc
1116 3657 1180 3718 ego
1204 3638 1264 3700 tibi
