2934 4236
552 315 747 365 PEI’RONIVS
769 315 923 364 ARBITER
1229 323 1289 386 109

237 473 501 556 quattuordecim
524 473 582 536 fui.
629 491 691 536 nec
712 481 809 553 turpe
828 481 887 548 est,
905 472 994 554 quod
1013 471 1167 536 dominus
1186 473 1285 537 iubet.

237 598 301 659 ego
317 587 430 640 tamen
448 587 481 640 et
501 576 640 659 ipsimae
660 572 850 661 [dominae]
870 575 950 638 satis
967 576 1138 640 faciebam.
1186 577 1286 654 scitis

238 681 317 764 quid
333 681 460 745 dicam:
485 691 588 756 taceo,
606 680 683 762 quia
699 699 766 742 non
782 700 855 742 sum
872 680 914 742 de
929 679 1089 760 gloriosis.
1159 683 1213 758 76.
1238 701 1289 744 ce·

237 795 354 860 terum,
372 784 653 866 quemadmodum
675 783 708 846 di
729 784 855 858 uolunt,
872 782 1026 846 dominus
1047 784 1080 846 in
1102 784 1200 848 domo
1222 785 1289 848 lac·

199 919 213 964 5
237 899 291 951 tus
313 909 397 964 sum,
418 898 452 951 et
472 907 549 951 ecce
570 887 645 969 cepi
667 885 778 970 ipsimi
799 886 1007 950 cerebellum.
1062 888 1141 969 quid
1165 889 1288 951 multa?

237 992 437 1056 coheredem
468 1012 520 1054 me
552 990 688 1056 Caesari
725 989 814 1066 iecit,
846 1000 879 1054 et
908 990 1024 1072 accepi
1054 991 1288 1074 patrimonium

237 1095 448 1158 laticlauium.
495 1095 620 1158 nemini
646 1104 759 1158 tamen
789 1093 871 1156 nihil
901 1093 982 1158 satis
1006 1104 1066 1158 est.
1112 1095 1289 1178 concupiui

238 1199 409 1280 negotiari.
457 1219 499 1262 ne
522 1197 634 1262 multis
655 1218 716 1261 uos
741 1217 859 1274 morer,
883 1197 1030 1280 quinque
1053 1219 1157 1262 naues
1181 1199 1289 1262 aedifr-

238 1303 322 1378 caui,
340 1303 477 1366 oneraui
492 1303 606 1365 uinum
616 1312 703 1365 —et
717 1311 797 1364 tunc
814 1311 885 1365 erat
901 1312 1016 1365 contra
1035 1323 1205 1365 aurum-
1215 1303 1289 1366 misi

186 1437 214 1469 10
239 1408 391 1470 Romam.
440 1416 575 1488 putares
600 1426 654 1469 me
678 1406 741 1470 hoc
764 1405 916 1468 iussisse:
944 1426 1060 1470 omnes
1084 1427 1188 1470 naues
1211 1428 1289 1470 nau-

238 1512 422 1592 fragarum,
440 1511 577 1586 iactum,
600 1530 667 1573 non
692 1509 813 1572 fabula.
860 1530 935 1576 uno,
948 1510 1000 1573 die
1026 1511 1205 1592 Neptunus
1227 1521 1289 1574 tre·

238 1615 365 1678 centies
399 1614 588 1677 sestertium
623 1613 804 1677 deuorauit.
863 1614 987 1695 putatis
1018 1634 1071 1677 me
1101 1615 1289 1678 deiecisse?

238 1739 306 1782 non
334 1719 540 1781 mehercules
568 1717 612 1780 mi
642 1719 726 1781 haec
756 1716 883 1780 iactura
913 1718 1002 1799 gusti
1032 1718 1104 1793 fuit,
1130 1728 1288 1800 tanquam

239 1823 321 1884 nihil
337 1822 425 1886 facti.
467 1823 588 1886 alteras
604 1822 672 1885 ieci
688 1821 829 1884 maiores
846 1831 879 1884 et
895 1821 1048 1884 meliores
1065 1831 1098 1884 et
1114 1811 1288 1898 feliciores

187 1957 215 2003 15
239 1937 275 1988 ut
298 1947 396 1989 nemo
420 1947 487 1989 non
511 1947 564 1988 me
588 1926 695 1988 uirum
719 1925 839 1988 fortem
863 1911 996 1988 diceret.
1043 1925 1143 2002 scitis,
1166 1946 1290 2008 magna

239 2029 334 2092 nauis
358 2051 515 2111 magnam
539 2030 767 2093 fortitudinem
791 2030 900 2093 habet.
948 2030 1086 2093 oneraui
1108 2050 1223 2094 rursus
1246 2031 1289 2094 ui·

238 2154 328 2209 num,
361 2134 498 2209 lardum,
531 2133 653 2209 fabam,
682 2133 873 2215 seplasium,
901 2133 1076 2216 mancipia.
1123 2135 1186 2198 hoc
1217 2135 1290 2198 loco
1332 2119 1334 2122 ⁵

240 2239 426 2300 Fortunata
452 2257 522 2301 rem
550 2237 639 2319 piam
666 2237 765 2314 fecit;
799 2258 897 2301 omne
922 2237 1010 2300 enim
1038 2259 1155 2300 aurum
1182 2259 1288 2315 suum,

239 2341 351 2405 omnia
367 2342 566 2405 uestimenta
582 2341 731 2405 uendidit
747 2351 780 2406 et
796 2342 841 2404 mi
857 2351 991 2405 centum
1008 2362 1126 2405 aureos
1142 2342 1175 2404 in
1189 2363 1290 2405 manu

186 2475 216 2506 ω
239 2447 358 2528 posuit.
406 2447 469 2510 hoc
485 2446 550 2508 fuit
568 2446 689 2527 peculii
707 2446 773 2508 mei
791 2447 1002 2509 fermentum.
1050 2445 1114 2510 cito
1138 2447 1183 2521 fit,
1201 2447 1289 2528 quod

238 2550 272 2613 di
295 2551 419 2614 uolunt.
466 2571 532 2613 uno
556 2571 655 2613 cursu
683 2549 808 2613 centies
832 2550 1020 2613 sestertium
1044 2550 1287 2614 corrotundaui.

239 2655 350 2736 statim
374 2654 500 2718 redemi
523 2655 648 2718 fundos
672 2674 797 2729 omneS,
822 2655 879 2737 qui
902 2655 1034 2736 patroni
1057 2655 1122 2717 mei
1145 2655 1287 2717 fuerant.

239 2759 376 2822 aedifico
408 2759 552 2833 domum,
585 2758 748 2824 uenalicia
779 2778 894 2822 coemo
928 2759 1093 2834 iumenta;
1132 2757 1289 2840 quicquid

155 2875 157 2879 ‘
238 2864 427 2944 tangebam,
452 2864 623 2926 crescebat
648 2872 807 2944 tanquam
835 2863 943 2926 iauus.
991 2872 1168 2944 postquam
1193 2862 1290 2944 coepi

186 2995 215 3042 ες
239 2968 314 3050 plus
341 2967 472 3043 habere,
497 2987 597 3049 quam
623 2976 694 3031 tota
720 2966 828 3049 patria
852 2987 927 3030 mea
954 2966 1062 3041 habet,
1088 2987 1223 3028 manum
1247 2967 1289 3030 de

97 3059 99 3062 ¹
238 3071 369 3134 tabula:
406 3071 524 3135 sustuli
554 3092 607 3135 me
638 3072 680 3134 de
711 3071 936 3152 negotiatione
964 3081 997 3133 et
1028 3070 1124 3152 coepi
1154 3070 1289 3134 libertos

239 3175 421 3239 faenerare.
469 3185 502 3239 et
518 3196 598 3239 sane
614 3174 782 3239 nolentem
800 3196 853 3238 me
869 3175 1040 3257 negotium
1062 3196 1172 3238 meum
1189 3159 1289 3256 agere

239 3279 426 3344 exhortauit
449 3279 713 3355 mathematicus,
731 3279 787 3362 qui
803 3289 940 3342 uenerat
964 3281 1051 3342 forte
1073 3279 1105 3341 in
1126 3279 1288 3342 coloniam

239 3394 396 3458 nostram,
415 3384 599 3458 Graeculi0,
621 3385 749 3466 Serapa
770 3383 912 3458 nomine,
933 3383 1123 3446 consiliator
1141 3383 1286 3446 deorum.

186 3515 216 3560 30
239 3488 291 3552 hic
316 3487 396 3550 mihi
418 3487 499 3550 dixit
523 3489 622 3550 etiam
646 3508 695 3563 ea,
713 3508 798 3570 quae
822 3487 944 3550 oblitus
967 3508 1074 3564 eram;
1099 3487 1141 3549 ab
1163 3487 1235 3550 acia
1255 3497 1289 3550 et

238 3612 300 3655 acu
317 3591 361 3654 mi
377 3592 488 3655 omnia
504 3591 674 3674 exposuit3
698 3591 873 3654 intestinas
890 3611 980 3653 meas
996 3601 1144 3666 nouerat,
1158 3600 1288 3654 tantum

192 3758 195 3764 .
238 3695 327 3778 quod
348 3695 429 3758 mihi
450 3716 517 3758 non
540 3695 676 3771 dixerat,
696 3694 775 3778 quid
797 3694 902 3775 pridie
924 3714 1130 3758 cenaueram.
1178 3704 1290 3774 putas
