2934 4236
209 296 269 357 114
468 287 679 336 FRAGMENTS
701 287 746 336 OF
769 286 896 336 ROMAN
919 287 1045 336 SATlRE

257 445 349 521 risse,
367 466 469 509 unum
492 455 628 508 nautam
650 444 802 508 stationis
826 454 1008 526 perpetuae
1031 444 1175 508 interdiu
1198 455 1315 508 noctu-

258 571 322 633 que
346 549 453 613 iacere
475 549 508 612 in
528 549 663 631 scapha,
681 569 742 612 nec
767 569 865 631 posse
889 548 965 611 inde
982 549 1154 612 custodem
1170 549 1237 611 nisi
1255 559 1315 612 aut

258 654 359 717 caede
390 653 510 736 expelli
540 662 597 716 aut
628 652 839 735 praecipitari
869 637 1002 714 uiribus.
1050 652 1139 734 quod
1167 673 1211 714 an
1240 653 1314 714 fieri

258 757 372 840 possit,
398 757 599 838 interrogate
630 756 803 819 audaciam
834 765 988 818 uestram.
1036 776 1114 818 nam
1145 755 1236 838 quod
1270 757 1313 818 ad

220 890 234 938 ς
259 881 369 925 meum
397 861 530 944 quidem
557 861 749 924 comitatum
777 860 904 935 attinet,
930 859 1057 922 nullum
1081 880 1201 923 recuso
1228 860 1314 942 peri-

259 966 378 1040 culum,
407 965 495 1048 quod
524 964 638 1028 salutis
666 983 761 1046 spem
788 963 942 1027 ostendit.
1003 984 1081 1025 nam
1109 963 1180 1026 sine
1209 985 1314 1027 causa

263 1066 432 1154 [quidem]
468 1069 619 1151 spiritum
650 1079 810 1150 tanquam
841 1088 911 1130 rem
941 1087 1082 1131 uacuam
1114 1067 1313 1149 impendere

259 1193 302 1236 ne
332 1159 393 1236 uos
424 1173 556 1255 quidem
588 1172 738 1235 existimo
768 1171 863 1234 uelle.
891 1171 1031 1253 uidete,
1056 1171 1220 1253 numquid
1248 1173 1313 1234 hoc

259 1277 405 1359 placeat:
431 1297 494 1358 ego
518 1297 578 1339 uos
602 1277 634 1338 in
658 1277 741 1339 duas
764 1276 829 1338 iam
855 1276 959 1357 pelles
982 1275 1143 1338 coniciam
1168 1275 1314 1340 uinctos-

209 1407 237 1440 10
260 1400 324 1462 que
347 1380 425 1443 loris
448 1379 535 1442 inter
555 1379 756 1442 uestimenta
779 1399 839 1461 pro
862 1379 1001 1443 sarcinis
1024 1379 1164 1456 habeb0,
1185 1380 1313 1461 apertis

260 1483 385 1546 scilicet
412 1483 620 1566 aliquatenus
648 1483 756 1559 labris,
781 1483 901 1565 quibus
926 1493 959 1546 et
986 1483 1136 1565 spiritum
1161 1484 1313 1565 recipere

260 1587 394 1669 possitis
424 1597 458 1650 et
487 1587 605 1650 cibum.
663 1587 879 1650 conclamabo
910 1587 1031 1650 deinde
1066 1597 1163 1651 nocte
1194 1608 1313 1651 seruos

261 1712 402 1773 poenam
430 1691 617 1772 grauiorem
641 1691 796 1754 timentes
827 1691 1066 1772 praecipitasse
1089 1712 1125 1754 se
1148 1691 1183 1754 in
1208 1713 1310 1755 mare.

261 1795 381 1858 deinde
404 1816 480 1859 cum
501 1804 638 1858 uentum
662 1795 763 1858 fuerit
786 1795 819 1856 in
844 1805 985 1876 portum,
1003 1796 1075 1859 sine
1091 1796 1158 1858 ulla
1174 1797 1313 1878 suspici-

210 1925 236 1974 15
261 1919 324 1962 one
347 1921 408 1980 pro
432 1899 569 1962 sarcinis
592 1919 653 1962 uos
677 1900 835 1962 efferam!
884 1899 945 1962 ‘ita
967 1900 1061 1962 uero’
1087 1899 1223 1982 inquam
1247 1921 1313 1981 ego

263 2009 438 2085 ‘tanquam
462 2004 583 2066 solidos
607 2003 810 2084 alligaturus
832 2002 951 2085 quibus
974 2024 1041 2066 non
1064 2003 1169 2066 soleat
1192 2015 1313 2066 uenter

260 2106 412 2170 iniuriam
439 2108 569 2170 lacere?
616 2127 658 2169 an
682 2117 841 2188 tanquam
869 2107 1006 2188 eosqui
1032 2116 1219 2170 sternutare
1244 2129 1311 2170 nou

261 2211 426 2274 soleamus
449 2231 511 2274 nec
536 2211 692 2274 stertere?
718 2232 761 2272 an
785 2211 949 2292 quiahoc
972 2231 1078 2292 genus
1102 2211 1183 2273 furti
1206 2212 1320 2274 semel.

265 2311 373 2398 [mea]
401 2315 541 2378 feliciter
564 2315 683 2377 cessit?
709 2315 766 2377 sed
790 2316 878 2395 finge
897 2335 964 2376 una
983 2315 1036 2376 die
1055 2315 1185 2378 uinctos
1209 2335 1311 2397 posse

209 2448 238 2480 ω
261 2419 395 2481 durare:
420 2419 498 2500 quid
522 2439 611 2499 ergo,
630 2419 657 2480 si
678 2419 800 2480 diutius
820 2427 877 2480 aut
899 2419 1120 2500 tranquillitas
1139 2439 1202 2481 nos
1217 2429 1312 2482 tenu-

260 2522 323 2586 erit
338 2533 395 2585 aut
407 2523 547 2585 aduersa
559 2523 761 2603 tempestas?
797 2522 875 2603 quid
892 2521 1012 2585 facturi
1029 2523 1162 2584 sumus?
1197 2533 1311 2586 uestes

261 2647 392 2709 quoque
416 2626 538 2689 diutius
562 2626 691 2689 uinctas
715 2645 798 2706 ruga
820 2626 994 2701 consumit,
1019 2635 1052 2688 et
1079 2627 1216 2688 chartae
1244 2627 1312 2690 alli-

260 2741 358 2811 gatae
375 2740 504 2794 mutant
528 2731 676 2811 figuram.
723 2729 861 2792 iuuenes
882 2730 992 2792 adhuc
1013 2729 1134 2793 laboris
1155 2740 1311 2812 expertes

260 2844 443 2898 statuarum
460 2835 523 2897 ritu
540 2834 704 2916 patiemur
721 2853 851 2914 pannos
867 2842 900 2896 et
915 2833 1059 2896 uincla?’

774 2960 792 2996 tt

208 3068 235 3116 25
261 3042 385 3104 ‘adhuc
409 3042 542 3124 aliquod
565 3041 626 3104 iter
650 3041 764 3104 salutis
788 3041 1015 3123 quaerendum
1038 3051 1097 3104 est.
1144 3041 1309 3124 inspicite,

260 3145 348 3227 quod
378 3165 441 3225 ego
472 3145 592 3208 inueni.
642 3145 827 3227 Eumolpus
858 3155 1017 3227 tanquam
1048 3145 1217 3208 literarum
1244 3157 1311 3222 stu-

260 3249 373 3311 diosus
404 3248 516 3330 utique
547 3259 770 3312 atramentum
801 3249 909 3312 habet.
957 3250 1020 3312 hoc
1051 3269 1131 3331 ergo
1161 3251 1310 3334 remedio

259 3363 425 3415 mutemus
463 3353 589 3415 colores
623 3374 643 3415 a
680 3353 808 3434 capillis
845 3373 951 3435 usque
985 3353 1028 3416 ad
1066 3374 1205 3435 ungues.
1263 3354 1310 3416 ita

259 3466 417 3538 tanquam
443 3456 531 3519 serui
555 3457 741 3538 Aethiopes
769 3467 803 3519 et
833 3467 966 3538 praesto
996 3457 1056 3520 tibi
1086 3458 1210 3521 erimus
1237 3457 1309 3545 sine

221 3569 497 3636 30tormentorum
523 3560 641 3621 iniuria
663 3561 793 3634 hilares
810 3570 844 3622 et
863 3570 1050 3640 permutato
1074 3562 1184 3624 colore
1207 3550 1313 3642 impo¹

259 3681 379 3724 nemus
401 3661 560 3723 inimicis'
609 3661 775 3741 ‘quidni?'
800 3661 907 3742 inquit
924 3663 1023 3726 Giton
1041 3664 1156 3726 ‘etiam
1173 3664 1310 3728 circum·
