2934 4236
517 309 711 358 PE'l‘RONlVo'
735 310 817 357 Altlll
827 311 887 357 l'Ell
1212 317 1256 382 99

199 469 266 527 iam
291 467 416 527 dudum
441 466 544 547 pedes
567 475 699 529 nostros
721 476 754 528 et
774 467 965 530 missionem
989 468 1136 548 rogabat.
1183 489 1255 551 pes

200 568 284 631 sime
308 569 388 630 mihi
412 579 491 644 erat,
517 590 559 632 ne
589 569 638 631 his
667 570 821 650 precibus
850 591 909 651 per
932 570 1106 634 ridiculum
1130 572 1254 655 aliquid

200 673 416 754 catastropha
446 683 668 755 quaereretur.
732 694 792 736 nec
824 674 911 736 enim
947 675 1056 738 adhuc
1087 676 1255 741 exciderat

199 796 300 839 cocus
324 776 388 851 ille,
406 776 463 859 qui
478 776 599 839 oblitus
620 778 731 839 iuerat
749 798 885 860 porcum
902 779 1095 842 exinterare.
1143 779 1254 862 itaque

160 910 174 956 5
199 889 308 942 totum
333 880 588 961 circumspicere
613 881 792 944 triclinium
817 881 922 964 coepi,
943 903 984 945 ne
1011 903 1070 965 per
1093 885 1253 964 parietem

199 993 406 1046 automatum
430 984 563 1066 aliquod
587 985 698 1060 exiret,
717 985 830 1067 utique
855 997 1032 1068 postquam
1052 1007 1167 1050 seruus
1184 1008 1254 1050 uer·
1348 1055 1351 1062 ,

156 1116 159 1120 ·
199 1086 307 1149 berari
324 1087 441 1169 coepit,
456 1087 513 1170 qui
528 1088 700 1151 brachium
717 1089 842 1152 domini
858 1099 1033 1152 contusum
1050 1091 1126 1153 alba
1143 1092 1253 1173 potius

199 1211 300 1272 quam
317 1192 528 1276 conchyliata
546 1193 732 1256 inuoluerat
753 1193 836 1255 lana.
884 1213 946 1256 nec
968 1194 1067 1284 longe
1087 1194 1253 1258 aberrauit

199 1295 346 1376 suspicio
372 1316 464 1372 mea;
496 1296 530 1358 in
558 1294 665 1360 uicem
693 1297 781 1359 enim
809 1318 938 1380 poenae
964 1298 1055 1360 uenit
1081 1299 1251 1361 decretum

147 1430 176 1462 10
199 1399 464 1475 Trimalchionis,
483 1421 548 1482 quo
572 1421 713 1482 puerum
737 1401 831 1464 iussit
855 1401 994 1464 liberum
1014 1422 1097 1478 esse,
1114 1422 1156 1464 ne
1178 1403 1251 1484 quis

199 1513 313 1585 posset
329 1503 448 1579 dicere,
466 1513 596 1568 tantum
613 1505 720 1567 uirum
736 1525 810 1568 esse
826 1525 846 1566 a
862 1525 959 1567 seruo
975 1507 1194 1568 uulneratum.

243 1624 297 1686 55.
324 1608 580 1689 comprobamus
605 1629 666 1671 nos
691 1609 817 1671 factum
840 1619 874 1671 et
897 1630 997 1690 quam
1021 1609 1054 1671 in
1078 1610 1252 1691 praecipiti

198 1731 252 1774 res
283 1711 449 1774 humanae
480 1722 602 1786 essent,
631 1712 722 1774 uario
754 1732 907 1775 sermone
937 1713 1111 1794 garrimus
1168 1712 1249 1775 ‘ita'

198 1814 313 1897 inquit:
323 1814 525 1878 Trimalchio
543 1821 628 1878 ‘non
645 1825 776 1897 oportet
793 1818 881 1879 hunc
898 1837 1012 1879 casum
1029 1817 1100 1880 sine
1117 1817 1252 1898 inscrip-

147 1949 174 1996 15
197 1919 290 1982 tione
312 1919 469 1982 transire'
487 1919 665 2002 statimque
689 1920 857 1984 codicillos
881 1920 1033 2002 poposcit
1054 1930 1087 1983 et
1108 1941 1175 1984 non
1195 1921 1250 1984 diu

198 2022 401 2105 cogitatione
417 2023 556 2086 distorta
572 2023 655 2086 haec
671 2024 841 2087 recitauit:

322 2197 429 2280 ‘quod
445 2217 512 2260 non
530 2207 694 2279 expectes,
709 2219 749 2260 ex
764 2207 956 2260 transuerso
972 2198 1008 2261 fit
1027 2230 1052 2260 υ
1065 2251 1096 2260 ..
1106 2251 1137 2260 -

384 2347 415 2366 a.
428 2310 461 2364 et
478 2321 578 2383 supra
594 2323 655 2364 nos
673 2303 822 2365 Fortuna
838 2301 972 2383 negotia
988 2311 1088 2364 curat.

385 2426 487 2488 quare
504 2405 547 2468 da
563 2405 659 2469 nobis
675 2406 754 2468 uina
772 2406 923 2480 Falerna,
942 2404 1044 2486 puer.’

146 2613 175 2644 ω
243 2579 285 2643 ab
298 2581 361 2644 hoc
374 2580 615 2662 epigrammate
628 2581 738 2663 coepit
751 2591 924 2663 poetarum
937 2601 1011 2643 esse
1023 2579 1147 2642 mentio

147 2667 150 2670 ¹
199 2683 322 2766 diuque
339 2705 469 2746 summa
485 2685 639 2749 carminis
656 2705 760 2766 penes
779 2687 935 2766 Mopsum
949 2685 1114 2746 Thracem
1131 2703 1250 2746 memo-

198 2797 271 2850 rata
291 2797 342 2850 est
362 2789 469 2852 donec
490 2789 693 2852 Trimalchio
717 2790 829 2870 ‘rogo'
847 2789 953 2870 inquit
971 2787 1153 2868 ‘magisten
1171 2787 1250 2869 quid

151 2907 156 2912 ’
199 2902 298 2972 putas
329 2892 416 2955 inter
447 2892 642 2956 Ciceronem
674 2903 707 2956 et
738 2893 915 2956 Publilium
946 2891 1130 2954 interesse?
1187 2912 1249 2972 ego

199 2995 339 3058 alterum
367 3006 448 3077 puto
473 2997 680 3060 disertiorem
708 2996 822 3072 fuisse,
847 2998 986 3060 alterum
1015 2995 1248 3058 honestiorem.

148 3127 175 3174 25
200 3099 278 3180 quid
295 3099 384 3162 enim
401 3100 452 3163 his
469 3101 586 3164 melius
603 3101 667 3163 dici
684 3101 814 3182 potest?

148 3299 151 3308 ·
229 3263 230 3266 ¹
271 3287 272 3290 ’
299 3275 476 3350 “luxuriae
493 3276 575 3339 rictu
594 3277 712 3339 Martis
729 3287 883 3339 marcent.
895 3277 1035 3340 moenia.

329 3389 387 3443 tuo
403 3381 515 3462 palato
531 3382 668 3443 clausus·
681 3401 769 3462 pauo
785 3381 933 3462 pascitur

310 3530 314 3534 -
330 3477 479 3566 plumato
495 3484 752 3547 amictus-aureo
770 3485 984 3569 Babylonica

145 3599 148 3604 “
218 3601 222 3605 ’
302 3611 304 3614 ·
330 3581 454 3669 gallina
469 3588 529 3651 tibi
547 3581 733 3664 Numidica,
751 3589 811 3651 tibi
827 3590 935 3670 gallus
952 3589 1073 3670 spado;

144 3685 176 3766 3'0
231 3738 234 3741 -
308 3691 457 3754 v'ciconia
472 3691 581 3768 etiam,
599 3701 696 3774 grata
712 3692 888 3774 peregrina
904 3692 1037 3772 hospita
