2934 4236
533 291 727 342 PE'TRONIVS
750 291 905 340 ARBlTER
1211 297 1269 359 103

219 450 309 514 clara
333 449 396 514 Gai
419 449 523 513 nostri
542 450 677 513 domum
694 449 768 530 fugi
783 459 942 532 tanquam
959 470 1045 532 copo
1061 451 1269 532 compilatus,

219 564 253 616 et
277 563 453 635 postquam
478 553 555 616 ueni
578 553 611 615 in
636 553 728 615 illum
752 554 871 629 locum,
889 553 922 614 in
942 574 1008 635 quo
1025 553 1157 635 lapidea
1173 555 1270 618 uesti-

219 667 333 720 menta
349 665 444 720 erant
461 657 559 731 facta,
577 657 658 718 nihil
675 655 866 719 inueni'nisi
883 657 1089 738 sanguinem.
1138 671 1174 721 ut
1191 680 1270 722 uero

219 762 355 824 domum
371 761 458 836 ueni,
472 760 601 824 iacebat
614 760 708 823 miles
725 781 819 823 meus
835 759 867 822 in
885 761 971 824 lecto
987 771 1145 844 tanquam
1162 763 1268 840 bouis,

179 897 193 944 5
219 875 252 928 et
276 866 397 928 collum
421 864 508 931 illius
532 864 680 927 medicus
704 865 850 927 curabat.
898 864 1044 927 intellexi
1063 865 1154 928 illum
1171 869 1271 931 uersi-

219 970 341 1051 pellem
365 988 448 1044 esse,
466 988 528 1031 nec
552 977 670 1050 postea
693 989 768 1031 cum
792 967 847 1031 illo
872 985 994 1050 panem
1014 979 1149 1050 gustare
1166 973 1268 1053 potui,

218 1094 286 1136 non
311 1073 414 1135 sime
438 1071 625 1135 occidisses.
673 1071 817 1135 uiderint
841 1072 895 1135 alii
919 1073 998 1155 quid
1017 1074 1059 1136 de
1079 1075 1142 1138 hoc
1161 1077 1270 1157 exopi-

185 1179 188 1184 “
219 1177 348 1238 nissent
358 1197 366 1252 ;
391 1195 454 1256 ego
470 1176 499 1238 si
514 1175 664 1250 mentior,
682 1175 799 1257 genios
816 1185 945 1238 uestros
963 1177 1064 1240 iratos
1081 1177 1242 1240 habeam’

262 1283 316 1356 63.
350 1279 499 1343 attonitis
515 1279 733 1343 admiratione
750 1279 913 1343 uniuersis
931 1281 1043 1343 ‘saluo
1055 1282 1061 1304 ’
1075 1282 1181 1364 inquit
1195 1287 1269 1346 ‘tuo

167 1415 196 1448 ιο
219 1385 391 1449 sermone’
414 1383 617 1447 Trimalchio
638 1383 684 1446 ‘si
707 1404 773 1466 qua
796 1384 879 1447 fides
902 1395 961 1460 est,
980 1395 1016 1448 ut
1040 1385 1120 1447 mihi
1144 1386 1201 1467 pili
1224 1386 1270 1448 in-

219 1473 427 1564 horruerunt,
441 1487 520 1570 quia
536 1487 604 1551 scio
623 1487 824 1551 Niceronem
841 1489 923 1551 nihil
940 1509 1103 1569 nugarum
1120 1510 1268 1553 narrare:

219 1593 320 1657 immo
350 1601 460 1655 certus
487 1602 539 1655 est
565 1601 599 1655 et
629 1592 764 1655 minime
794 1593 976 1673 linguosus.
1024 1613 1101 1655 nam
1133 1604 1166 1656 et
1197 1595 1269 1675 ipse

218 1697 313 1760 uobis
337 1717 406 1759 rem
431 1695 622 1759 horribilem
645 1696 806 1759 narrabo:
830 1696 944 1759 asinus
963 1697 997 1759 in
1016 1697 1146 1781 tegulis.
1193 1719 1269 1760 cum

218 1801 327 1864 adhuc
344 1800 520 1882 capillatus
536 1820 654 1875 essem,
668 1821 746 1862 nam
762 1821 782 1862 a
798 1821 901 1882 puero
918 1801 1020 1864 uitam
1034 1802 1152 1866 Chiam
1169 1802 1267 1882 gessi,

98 1977 101 1984 ,
166 1935 193 1982 15
218 1903 328 1986 ipsimi
347 1903 452 1967 nostri
468 1903 630 1968 delicatus
647 1903 798 1978 decessit,
817 1906 1025 1968 mehercules
1043 1907 1267 1986 margaritum,

218 2009 363 2072 caecitus
387 2019 420 2071 et
444 2001 591 2072 omnium
615 2027 799 2071 numerum.
848 2029 921 2071 cum
947 2029 1028 2089 ergo
1050 2009 1140 2070 illum
1165 2020 1270 2073 mater

219 2113 346 2176 misella
370 2113 547 2196 plangeret
566 2121 600 2175 et
620 2133 682 2176 nos
702 2122 772 2174 tum
793 2113 904 2193 plures
921 2113 953 2174 in
971 2112 1167 2176 tristimonio
1184 2134 1269 2176 esse-

219 2239 299 2296 mus,
323 2217 432 2281 subito
454 2215 578 2298 strigae
600 2213 737 2277 stridere
759 2226 959 2296 coeperunt;
993 2227 1127 2297 putares
1151 2239 1268 2280 canem

218 2322 364 2404 leporem
390 2320 554 2403 persequi.
602 2319 810 2382 habebamus
836 2329 916 2382 tunc
944 2320 1111 2383 hominem
1140 2323 1269 2404 Cappa-

164 2455 194 2487 20
218 2427 344 2501 docem,
361 2425 508 2506 longum,
526 2423 624 2486 ualde
649 2423 848 2485 audaculum
872 2433 905 2485 et
926 2423 982 2505 qui
1002 2425 1154 2488 ualebat:
1179 2437 1268 2508 pote-

217 2540 269 2592 rat
291 2530 412 2595 bouem
436 2529 555 2590 iratum
581 2528 706 2590 tollere.
755 2526 808 2589 hic
833 2528 992 2589 audacter
1017 2529 1130 2592 stricto
1158 2531 1267 2609 gladio

217 2643 309 2696 extra
325 2632 446 2696 ostium
464 2631 679 2713 procucurrit,
696 2630 847 2692 inuoluta
863 2631 994 2693 sinistra
1012 2653 1111 2710 manu
1129 2635 1266 2709 curiose,

165 2763 167 2768 ·
217 2747 251 2801 et
267 2736 437 2800 mulierem
453 2745 613 2817 tanquam
631 2735 694 2798 hoc
710 2735 975 2798 loco—saluum
992 2736 1042 2810 sit,
1060 2738 1149 2818 quod
1165 2749 1267 2817 tango

216 2841 413 2905 -mediam
438 2839 575 2902 traiecit.
624 2839 777 2902 audimus
809 2839 978 2920 gemitum,
1010 2851 1042 2902 et
1074 2841 1172 2921 plane
1200 2863 1265 2904 non

164 2975 192 3020 25
217 2945 368 3019 mentiar,
392 2944 482 3025 ipsas
505 2963 573 3006 non
597 2927 749 3005 uidimus.
790 2942 877 3036 ‘baro
901 2952 1011 3005 autem
1036 2954 1151 3007 noster
1170 2945 1266 3008 intro-

217 3069 335 3112 uersus
360 3068 396 3110 se
420 3046 559 3129 proiecit
585 3047 618 3108 in
646 3048 776 3121 lectum,
798 3056 831 3108 et
856 3067 978 3128 corpus
1002 3057 1107 3110 totum
1130 3050 1264 3110 liuidum

218 3152 364 3216 habebat
383 3151 477 3234 quasi
500 3150 641 3231 flagellis
664 3169 791 3224 caesuS,
809 3149 887 3231 quia
904 3149 1029 3213 scilicet
1045 3152 1135 3214 illum
1154 3155 1267 3233 tetige-

217 3267 269 3320 rat
295 3257 383 3319 mala
409 3275 537 3318 manus.
585 3275 646 3316 nos
673 3254 766 3316 cluso
794 3253 878 3316 ostio
906 3254 1052 3316 redimus
1078 3255 1196 3317 iterum
1225 3258 1265 3318 ad

217 3359 372 3435 officium,
402 3359 461 3422 sed
492 3379 567 3422 cum
598 3367 705 3420 mater
731 3357 936 3438 amplexaret
967 3378 1087 3438 corpus
1119 3360 1174 3420 filii
1206 3361 1264 3434 sui,

165 3498 195 3542 30
217 3464 326 3544 tangit
346 3473 380 3525 et
401 3462 492 3525 uidet
511 3460 735 3524 manuciolum
752 3461 793 3522 de
810 3461 1000 3522 stramentis
1017 3461 1151 3524 factum.
1200 3485 1264 3526 non

217 3587 274 3630 cor
290 3566 445 3641 habebat,
463 3586 528 3628 non
553 3564 720 3639 intestina,
738 3585 805 3626 non
829 3564 1025 3646 quicquam:
1054 3566 1178 3628 scilicet
1202 3569 1265 3628 iam

218 3691 358 3754 puerum
383 3669 506 3750 strigae
525 3668 757 3731 inuolauerant
772 3677 806 3730 et
822 3679 1068 3748 supposuerant
1085 3671 1267 3731 stramenti-
