2926 4232
636 307 794 356 LVCILIVS

591 460 831 531 Door-sosteninys.

162 579 217 642 6ο.
710 625 716 638 .
742 626 748 638 .
775 626 781 638 .
807 596 850 639 ne
867 576 993 657 agitare
1010 597 1110 639 manu
1126 588 1162 640 tu

250 679 419 762 pessulum
437 690 471 743 et
486 680 574 743 hunc
591 689 722 743 uectem
739 679 857 761 possis,
905 691 1044 743 cuneost
1060 702 1144 761 opus
1160 682 1241 762 ipso

1070 784 1145 836 Non.
1161 796 1221 849 ²3¹·
1236 796 1262 849 7.

392 886 469 939 Some
480 887 684 956 prandiioquent
698 886 838 955 traqedian
851 887 874 938 ie
886 887 1028 938 criticised.

161 1003 216 1066 61.
249 1000 434 1082 Tisiphone
451 1001 542 1085 Tityi
558 1021 576 1063 e
595 1001 807 1082 pulmonibus
824 1002 932 1083 adque
949 1001 1047 1082 adipe
1063 1021 1199 1082 unguen

249 1114 421 1168 excoctum
438 1105 556 1180 attulit,
577 1105 800 1168 Eumenidum
817 1105 1026 1168 sanctissima
1044 1105 1173 1189 Erinys.

1069 1209 1144 1260 Non.
1159 1219 1220 1272 427.
1235 1221 1262 1276 9.

452 1311 493 1362 As
506 1328 523 1363 α
536 1312 590 1364 lion
602 1311 683 1362 stallos
696 1312 752 1363 and
764 1311 865 1363 attacks
878 1329 895 1363 a
907 1320 973 1381 stay.

161 1428 215 1491 62.
249 1425 445 1508 adsequitur
460 1446 569 1507 neque
586 1425 789 1506 opinantem,
807 1425 840 1487 in
857 1436 958 1507 caput
974 1425 1083 1499 insilit,
1102 1425 1211 1507 ipsum

248 1529 533 1592 conmanducatur
548 1537 655 1591 totum
672 1529 854 1610 conplexus
871 1538 1072 1611 comestque.

811 1631 886 1684 Non·
900 1629 962 1696 478·
977 1645 1027 1698 333
1046 1643 1108 1696 477·
1124 1644 1156 1699 53
1176 1631 1261 1700 81·9·

627 1847 737 1909 Lmen
759 1847 800 1910 V.

437 1973 559 2025 Lucilius
571 1974 648 2024 sends
661 1973 701 2024 his
715 1989 798 2024 verses
811 1981 836 2025 to
849 1990 866 2024 a
874 1972 980 2041 friend.

159 2095 214 2168 63.
247 2101 355 2155 macte
371 2091 507 2174 inquam
524 2091 645 2154 uirtute
662 2091 825 2173 simulque
843 2092 893 2153 his
909 2091 1060 2154 uersibus
1077 2101 1158 2154 esto.

675 2195 749 2246 Non.
764 2207 824 2260 34¹·
841 2194 890 2258 ²83
911 2194 988 2246 Seru.
1004 2192 1032 2244 in
1046 2192 1117 2244 Aen.
1133 2193 1183 2244 IX.
1198 2192 1260 2261 638.

419 2382 456 2452 Is
462 2382 519 2434 weil
532 2382 560 2433 in
572 2382 646 2450 body,
660 2383 690 2434 he
703 2382 791 2434 would
803 2399 872 2434 come
884 2381 996 2450 himself.

158 2500 212 2575 64.
246 2497 274 2560 si
289 2507 358 2560 tam
375 2517 496 2578 corpus
513 2498 585 2559 loco
602 2496 748 2558 ualidum
766 2517 804 2559 ac
821 2496 956 2577 regione
973 2505 1108 2571 mearet,

246 2601 416 2683 scriptoris
432 2621 532 2682 quam
549 2620 629 2662 uera
645 2609 735 2662 meat
751 2600 916 2662 sententia
932 2599 1031 2662 cordi.
1048 2686 1074 2736 N

1077 2701 1123 2738 on.
1141 2697 1199 2752 173.
1218 2698 1249 2749 14

356 2810 401 2863 He
414 2811 508 2862 blomes
520 2810 561 2862 iis
569 2809 667 2878 friend
675 2809 726 2878 sor
738 2818 781 2862 not
793 2809 896 2879 cominq
908 2818 933 2862 to
945 2827 986 2861 see
998 2809 1059 2874 him,

156 2928 210 3005 65.
244 2947 310 3009 quo
327 2947 379 2988 me
397 2925 538 2988 habeam
555 2935 663 3006 pact0,
680 2925 815 2987 tametsi
831 2944 897 2988 non
914 2924 1055 3006 quaeris,
1073 2924 1210 3000 docebo,

244 3029 378 3112 quando
395 3029 428 3091 in
445 3049 484 3091 eo
500 3049 639 3091 numero
656 3029 778 3091 mansti
795 3049 861 3110 quo
877 3029 910 3090 in
928 3028 1071 3090 maxima
1087 3049 1175 3091 nunc
1191 3038 1243 3092 est

244 3155 322 3216 pars
339 3133 510 3196 hominum
535 3182 541 3195 .
568 3183 574 3195 .
600 3182 606 3194 .

243 3247 280 3300 ut
296 3237 434 3320 periisse
451 3237 542 3312 ueliS,
561 3257 660 3318 quem
677 3236 785 3299 uisere
802 3236 955 3311 nolueris,
973 3256 1048 3298 cum

193 3367 207 3421 5
242 3341 405 3404 debueris.
454 3342 516 3403 hoc
534 3341 715 3403 ‘nolueris’
733 3351 767 3402 et
785 3340 974 3402 ‘debueris'
992 3351 1025 3402 te

243 3445 271 3508 si
287 3445 396 3507 minus
413 3445 566 3518 delectat,
584 3445 672 3526 quod
689 3441 817 3526 τεχνίον
834 3444 1087 3506 Eisocratiumst

242 3543 450 3630 inpabeoque
467 3548 563 3610 simul
580 3559 686 3611 totum
703 3569 741 3610 ac
758 3542 1037 3628 συμμειρακιῶδες,

242 3674 309 3716 non
326 3673 461 3735 operam
479 3652 590 3732 perdo.
639 3652 667 3714 si
682 3662 718 3714 tu
735 3652 787 3714 hic
813 3701 818 3713 .
845 3701 850 3713 .
878 3701 883 3713 .
1020 3693 1091 3745 Gell.
1106 3695 1213 3746 XVIII·
1229 3693 1254 3745 8,
