2926 4232
198 247 236 305 18
458 251 669 299 FRAGMENTS
691 251 736 299 OF
760 251 885 298 ROMAN
909 251 1034 318 SATIRE

446 405 543 473 Apollo
555 405 650 473 objecto
663 414 687 457 to
700 406 740 456 tlte
753 405 912 473 appellation
926 405 1046 474 pulcher.

215 519 249 584 6.
329 513 482 600 [quidam
509 515 666 596 ‘pulcher
689 515 831 597 Apollo’
857 516 1030 597 epitheton
1055 517 1168 580 datum
1193 517 1305 599 Apol-

281 621 339 684 lini
355 619 625 702 reprehendunt;
651 618 808 699 pulchros
824 619 912 681 enim
930 640 949 681 a
965 620 1133 683 ueteribus
1149 622 1303 685 exoletos

282 720 397 784 dictos.
445 739 523 781 nam
548 727 582 781 et
607 718 696 800 apud
726 719 890 782 Lucilium
915 719 1041 800 Apollo
1068 720 1207 802 pulcher
1231 721 1303 784 dici

281 843 348 886 non
365 822 445 886 uult.
927 846 1005 900 Seru.
1019 847 1048 900 in
1062 849 1132 900 Aen.
1148 849 1200 900 Ill.
1218 849 1297 918 119]

457 975 484 1028 Ie
496 977 549 1028 will
557 977 650 1045 puzzle
663 993 726 1028 eveo
739 993 756 1028 α
768 977 820 1046 qod
832 985 857 1029 to
868 994 928 1030 save
942 977 1033 1044 Rome,

218 1105 249 1168 ⁷·
282 1108 347 1171 quo
364 1087 524 1169 populum
541 1087 650 1169 adque
666 1085 782 1150 urbem
799 1096 897 1170 pacto
914 1108 1047 1152 seruare
1064 1089 1195 1170 potissit

282 1191 424 1273 amplius
442 1192 637 1254 Romanam.
1111 1217 1218 1271 Charis,
1236 1218 1300 1284 Ι76,

494 1361 549 1416 The
561 1362 612 1431 city
624 1363 647 1414 is
659 1379 687 1416 so
694 1364 848 1431 pemneated
860 1363 919 1416 wito
934 1363 997 1416 viee.

217 1477 250 1542 8.
283 1493 418 1558 serpere
434 1472 482 1537 uti
497 1493 671 1556 gangrena
688 1473 811 1536 malum
827 1474 936 1556 adque
954 1475 1142 1556 herpestica
1158 1487 1282 1558 posset.

1086 1577 1161 1630 Non.
1179 1590 1237 1644 117.
1253 1593 1299 1630 21.

252 1688 306 1742 The
315 1697 376 1756 poet
388 1704 512 1758 menopes
525 1705 561 1740 ao
574 1687 716 1740 incidentol
728 1687 892 1756 eompliment
905 1697 929 1742 to
942 1689 982 1740 lu‘s
995 1689 1108 1742 mistress
1121 1689 1244 1758 Hymnis.

217 1820 251 1881 9.
263 1798 467 1885 *Hymnidis
483 1817 524 1862 ex
539 1798 626 1862 facie
642 1798 757 1861 florem
774 1798 939 1880 delegeris
955 1799 1102 1880 pulchra.

842 1901 917 1953 Don.
932 1899 960 1952 in
974 1902 1039 1955 Ter.
1054 1901 1130 1954 Euo.
1146 1903 1196 1956 lV.
1210 1916 1237 1968 4.
1252 1917 1297 1956 20.

649 2017 691 2086 Os
701 2019 741 2069 tlte
754 2018 844 2069 some?

199 2150 251 2196 10.
473 2178 480 2192 .
506 2179 512 2192 .
538 2178 545 2192 .
570 2138 607 2192 ut
622 2129 825 2192 contendere
841 2148 975 2210 possem

283 2233 483 2298 Thestiados
501 2232 614 2296 Ledae
631 2242 731 2316 atque
747 2229 893 2311 Ἰξιονίης
909 2231 1057 2318 ἀλόχοιο.
1086 2321 1113 2372 N
1211 2319 1228 2373 8

1115 2336 1162 2373 on.
1177 2333 1208 2389 ²5
1232 2359 1238 2371 .
1253 2333 1295 2385 27.

543 2413 585 2472 On
598 2429 614 2465 o
627 2429 688 2464 mon
701 2412 735 2481 of
738 2411 812 2482 fatal
825 2412 951 2482 optiness.

200 2545 251 2589 11.
284 2523 394 2588 uoltus
409 2523 489 2587 item
505 2532 542 2586 ut
557 2522 680 2586 facies:
704 2542 802 2597 mors,
820 2521 941 2586 icterus
957 2523 1101 2600 morbus,
1119 2545 1295 2589 uenenum.

1086 2627 1161 2680 Non.
1175 2626 1237 2692 426.
1253 2643 1286 2696 33

643 2711 686 2782 Of
696 2713 735 2764 tle
748 2713 821 2764 letter
832 2729 854 2764 r.

201 2843 251 2889 12.
284 2824 418 2888 inritata
433 2844 535 2888 canes
551 2843 651 2906 quam
668 2824 768 2886 homo
784 2843 884 2906 quam
901 2824 1032 2905 planius
1048 2823 1136 2888 dicit.

896 2926 970 2978 Non.
985 2939 1029 2994 31.
1044 2940 1094 2993 213
1114 2925 1220 2981 Charis.
1239 2942 1297 2981 100.

384 3046 491 3100 Foolislr
500 3046 594 3114 people
608 3062 653 3097 ore
666 3045 764 3113 always
778 3045 882 3115 loolriop
890 3046 939 3115 for
951 3047 1022 3099 heos'
1035 3048 1109 3100 leeth.

200 3177 252 3236 13.
286 3207 292 3220 .
318 3207 324 3220 .
351 3207 357 3220 .
383 3157 507 3220 nodum
525 3157 557 3219 in
575 3156 684 3238 scirpo
700 3155 836 3219 insanus
853 3157 1020 3220 facessere
1037 3158 1165 3239 uolgus.

848 3259 923 3310 Don.
937 3257 966 3310 in
979 3260 1043 3312 Ter.
1058 3258 1147 3312 Andr.
1161 3261 1197 3314 V.
1211 3275 1238 3326 4.
1253 3263 1297 3330 38.

359 3381 412 3432 Tlre
425 3379 577 3449 tropedioos
590 3380 655 3430 lunt
665 3377 715 3448 sor
726 3377 933 3447 dipl-soundioy
949 3377 1035 3431 Greek
1046 3380 1140 3432 words.

201 3511 252 3570 14.
285 3511 383 3572 porro
401 3490 652 3570 ‘cleinopodas'
672 3489 929 3572 ‘lychnos’que‚
949 3499 985 3551 ut
1004 3489 1146 3554 diximus
1165 3491 1297 3568 σεμνῶς,

285 3594 355 3656 anti
372 3593 493 3676 ‘pedes
509 3593 603 3656 lecti'
621 3603 721 3674 atque
739 3591 926 3654 ‘lucernas’

1047 3637 1133 3690 Macr.
1148 3619 1239 3701 V1.4.‘
1257 3651 1299 3704 17.
