2934 4236
663 189 833 238 nrvrrurvs
865 239 868 246 ,
1243 193 1302 262 157

284 353 320 406 at
337 344 471 428 Psyche
487 343 602 408 relicta
621 343 700 420 sola,
719 344 782 406 nisi
802 345 890 427 quod
911 343 1041 410 infestis
1062 345 1156 409 furiis
1175 347 1300 426 agitata

239 447 313 511 sola
336 468 406 510 non
431 457 491 523 est,
509 459 603 511 aestu
628 449 739 530 pelagi
762 449 868 512 simile
892 449 1072 512 maerendo
1092 449 1238 526 fluctuat,
1256 463 1297 528 et,

239 552 398 634 quamuis
420 561 545 614 statuto
565 551 704 615 consilio
722 563 755 616 et
774 552 941 616 obstinato
961 553 1082 630 animo,
1100 553 1164 616 iam
1186 565 1297 619 tamen

239 656 386 718 facinori
413 677 491 720 suas
519 675 638 720 manus
664 657 857 732 admouens,
882 656 991 720 adhuc
1019 657 1144 722 incerta
1171 661 1298 722 consilii

202 788 216 835 5
239 759 374 834 titubat,
393 759 573 842 multisque
590 759 787 824 calamitatis
805 781 885 824 suae
902 761 1095 824 distrahitur
1111 763 1295 826 aflectibus.

240 863 392 938 festinat,
421 864 544 940 differt,
577 864 686 940 audet,
718 865 872 946 trepidat,
904 863 1032 940 diffidit,
1064 865 1223 942 irascitur,
1256 881 1297 942 cr,

198 961 203 967 ’
240 968 334 1050 quod
351 978 402 1030 est
418 967 582 1044 ultimum,
599 967 632 1030 in
648 968 766 1032 eodem
783 988 921 1051 corpore
938 969 1007 1033 odit
1023 969 1173 1046 bestiam,
1191 971 1298 1050 diligit

240 1073 408 1134 maritum.
465 1091 607 1154 uespera
630 1081 744 1135 tamen
770 1071 835 1135 iam
861 1083 991 1136 noctem
1017 1075 1180 1148 trahente,
1207 1096 1298 1156 prae-

240 1175 337 1258 cipiti
367 1176 583 1239 festinatione
613 1176 733 1238 nefarii
764 1176 899 1240 sceleris
930 1177 1062 1240 instruit
1089 1191 1295 1260 apparatum.

190 1308 219 1340 ιο
242 1267 310 1344 nox
344 1281 469 1356 aderat,
504 1290 537 1344 et
574 1281 711 1342 maritus
750 1281 876 1356 aderat,
912 1281 1128 1364 protinusque
1167 1285 1298 1345 ueneris

243 1385 381 1468 proeliis
393 1385 548 1448 uelitatus
565 1385 668 1447 altum
685 1405 839 1466 soporem
855 1385 1081 1448 descenderat.
1145 1403 1197 1449 22.
1219 1397 1297 1448 tunc

245 1490 386 1573 Psyche,
404 1498 437 1551 et
453 1488 600 1569 corporis
616 1499 650 1552 et
665 1488 767 1551 animi
786 1488 931 1570 alioquin
950 1488 1089 1563 infirma,
1108 1489 1168 1551 fati
1187 1501 1297 1552 tamen

244 1591 384 1656 saeuitia
415 1592 695 1667 subministrante,
727 1591 853 1655 uiribus
884 1591 1066 1666 roboratur,
1099 1603 1131 1654 et
1171 1595 1298 1674 prolata

243 1697 381 1760 lucerna
412 1706 446 1759 et
476 1697 616 1778 adrepta
646 1697 810 1760 nouacula
841 1716 954 1758 sexum
983 1696 1121 1758 audacia
1149 1698 1294 1759 mutauit.

191 1827 220 1874 15
244 1802 313 1877 sed,
332 1822 407 1864 cum
429 1801 570 1882 primum
594 1800 726 1864 luminis
750 1800 916 1864 oblatione
939 1799 1002 1862 tori
1026 1811 1153 1862 secreta
1176 1801 1298 1862 clarue-

244 1915 332 1981 runt,
347 1905 438 1968 uidet
454 1906 602 1969 omnium
618 1905 765 1967 ferarum
783 1904 989 1966 mitissimam
1007 1903 1297 1986 dulcissimamque

244 2009 396 2085 bestiam,
414 2009 524 2091 ipsum
541 2009 632 2071 illum
650 2007 860 2090 Cupidinem,
878 2008 1086 2070 formonsum
1108 2008 1217 2082 deum,
1236 2009 1298 2071 for-

244 2134 362 2177 monse
381 2114 568 2189 cubantem,
586 2113 679 2176 cuius
699 2121 838 2194 aspectu
857 2112 1012 2174 lucernae
1032 2132 1163 2192 quoque
1185 2113 1296 2174 lumen

246 2218 424 2280 hilaratum
458 2217 646 2292 increbruit,
679 2225 712 2278 et
746 2215 907 2278 acuminis
946 2215 1097 2295 sacrilegi
1135 2218 1298 2278 nouacula

192 2349 222 2380 ω
245 2321 465 2402 praenitebat.
522 2331 556 2384 at
587 2341 667 2384 uero
695 2320 825 2404 Psyche
851 2329 945 2381 tanto
973 2329 1110 2399 aspectu
1142 2320 1298 2382 deterrita

246 2435 280 2488 et
298 2426 406 2507 impos
425 2425 528 2488 animi
546 2424 692 2488 marcido
712 2424 837 2505 pallore
857 2423 989 2485 defecta
1011 2433 1223 2503 tremensque
1245 2424 1298 2486 de-

246 2530 332 2592 sedit
347 2530 381 2592 in
397 2529 481 2593 imos
497 2529 649 2611 poplites,
667 2539 700 2591 et
717 2529 841 2590 ferrum
858 2526 988 2609 quaerit
1006 2526 1219 2600 abscondere,
1238 2528 1296 2589 sed

245 2633 279 2695 in
300 2654 360 2697 suo
382 2643 525 2715 pectore.
572 2633 661 2715 quod
686 2633 837 2714 profecto
862 2630 1005 2705 fecisset,
1026 2629 1090 2692 nisi
1113 2631 1237 2692 ferrum
1263 2632 1297 2694 ti-

246 2757 337 2800 more
346 2737 431 2800 tanti
443 2736 560 2818 flagitii
573 2736 726 2798 manibus
738 2735 921 2798 temerariis
935 2735 1108 2815 delapsum
1121 2724 1294 2797 euolasset.

193 2866 222 2911 25
245 2839 377 2923 iamque
398 2841 495 2917 lassa,
513 2842 620 2903 salute
641 2840 783 2915 defecta,
805 2840 882 2901 dum
906 2837 1039 2922 saepius
1060 2837 1165 2900 diuini
1186 2841 1296 2901 uultus

246 2943 392 3008 intuetur
410 2944 700 3027 pulchritudinem,
721 2953 889 3008 recreatur
908 2941 1017 3004 animi.
1066 2941 1158 3004 uidet
1179 2945 1296 3023 capitis

246 3047 337 3110 aurei
352 3049 515 3130 genialem
533 3048 713 3112 caesariem
730 3046 896 3109 ambrosia
908 3046 1135 3120 temulentam,
1150 3047 1296 3110 ceruices

246 3150 378 3228 lacteas
396 3171 567 3234 genasque
587 3171 772 3234 purpureas
792 3159 1004 3231 pererrantes
1022 3149 1161 3212 crinium
1179 3151 1296 3231 globos

245 3253 408 3318 decoriter
430 3256 615 3337 impeditos
639 3255 721 3318 alios
744 3255 998 3335 antependulos,
1024 3254 1105 3318 alios
1128 3263 1297 3335 retropen-

119 3387 122 3393 ¹
191 3385 222 3446 3⁰.
246 3357 350 3435 dulos,
368 3340 507 3442 quorum
524 3360 702 3440 splendore
718 3358 819 3420 nimio
836 3358 1029 3438 fulgurante
1046 3358 1112 3420 iam
1132 3367 1165 3420 et
1186 3358 1295 3438 ipsum

245 3461 356 3524 lumen
388 3463 543 3525 lucernae
574 3463 761 3525 uacillabat.
820 3481 880 3542 per
907 3481 1039 3524 umeros
1069 3460 1213 3524 uolatilis
1243 3461 1297 3524 dei

246 3565 368 3647 pinnae
385 3565 534 3628 roscidae
551 3565 686 3627 micanti
702 3565 781 3626 flore
801 3563 986 3639 candicant,
1004 3573 1046 3639 et,
1064 3563 1218 3646 quamuis
1237 3565 1297 3627 alis
