2926 4232
178 298 221 378 84
443 304 653 354 FRAGMENTS
675 303 721 354 OF
744 303 871 354 ROMAN
894 303 1022 354 SATIRE

230 483 301 528 rem
325 461 427 526 habet
450 461 678 536 subornatum,
703 469 739 524 ut
765 459 906 526 subinde
934 459 1027 536 sciat,
1052 470 1215 543 quantum
1243 461 1288 523 de

231 567 300 632 uita
327 565 527 650 perdiderit'
585 564 758 628 amicimur
783 583 864 646 ergo
890 563 1068 646 diligenter
1094 564 1189 628 obliti
1219 585 1289 628 om-

231 671 323 735 nium
348 671 520 745 malorum,
544 678 578 732 et
602 668 725 734 Gitona
749 667 967 732 libentissime
992 668 1113 732 seruile
1139 667 1288 733 officium

231 783 381 838 tuentem
400 792 506 855 usque
526 773 588 835 hoc
607 771 759 835 iubemus
778 771 811 834 in
829 771 951 836 balnea
969 772 1072 854 sequi.
1143 789 1197 851 27.
1223 793 1288 836 nos

194 877 363 956 sinterim
391 876 503 940 uestiti
530 895 640 939 errare
667 875 838 957 coepimus
1055 875 1157 940 immo
1184 875 1289 939 iocari

233 981 340 1064 magis
365 991 398 1044 et
422 979 552 1044 circulis
577 975 783 1064 [ludentem]
809 979 978 1056 accedere,
1004 999 1080 1044 cum
1106 980 1215 1043 subito
1242 980 1289 1044 ui-

233 1085 350 1149 demus
382 1104 497 1147 senem
530 1085 671 1158 caluum,
703 1083 817 1148 tunica
850 1083 1008 1148 uestitum
1042 1104 1167 1160 russea,
1199 1084 1289 1146 inter

234 1209 355 1272 pueros
378 1187 551 1270 capillatos
574 1188 745 1250 ludentem
773 1187 848 1270 pila.
905 1208 967 1252 nec
994 1198 1063 1251 tam
1091 1187 1186 1270 pueri
1212 1209 1287 1263 nos,

233 1313 435 1378 quamquam
457 1301 528 1354 erat
548 1311 670 1374 operae
694 1291 847 1372 pretium,
869 1292 912 1355 ad
936 1292 1164 1374 spectaculum
1187 1292 1289 1354 duxe-

183 1425 215 1470 ιο,
234 1406 317 1471 rant,
342 1395 442 1479 quam
467 1395 539 1478 ipse
564 1405 660 1477 pater
682 1395 837 1471 familiae,
862 1395 919 1480 qui
945 1397 1092 1459 soleatus
1119 1395 1187 1477 pila
1215 1416 1288 1477 pra-

235 1501 308 1564 sina
334 1499 557 1564 exercebatur.
622 1519 684 1562 nec
714 1499 858 1582 amplius
888 1520 963 1564 eam
994 1500 1168 1584 repetebat
1199 1519 1288 1582 quae

234 1615 357 1670 terram
384 1603 579 1684 contigerat,
604 1603 664 1666 sed
691 1603 805 1666 follem
833 1603 969 1685 plenum
996 1603 1141 1666 habebat
1169 1623 1288 1666 seruus

235 1708 486 1790 sufficiebatque
509 1707 709 1771 ludentibus.
756 1707 946 1772 notauimus
970 1708 1070 1772 etiam
1094 1728 1148 1772 res
1169 1729 1285 1770 nouas.

234 1833 313 1876 nam
329 1812 395 1876 duo
411 1812 578 1894 spadones
594 1811 627 1874 in
643 1812 776 1875 diuersa
797 1821 891 1894 parte
912 1813 1025 1876 circuli
1047 1812 1190 1888 stabant,
1208 1833 1288 1896 quo

185 1944 211 1992 ις
235 1937 308 1980 rum
332 1917 415 1980 alter
431 1916 599 1979 matellam
614 1915 749 1979 tenebat
766 1925 970 1996 argenteam,
989 1924 1072 1978 alter
1088 1915 1288 1978 numerabat

236 2020 330 2103 pilas,
346 2041 413 2083 non
435 2020 568 2102 quidem
588 2040 645 2083 eas
664 2040 749 2103 quae
770 2019 856 2082 inter
872 2039 991 2082 manus
1007 2019 1081 2082 lusu
1098 2019 1287 2102 expellente

235 2124 420 2200 uibrabant,
449 2125 508 2187 sed
536 2144 593 2187 eas
620 2144 706 2206 quae
736 2124 770 2186 in
800 2133 922 2187 terram
953 2123 1162 2190 decidebant.
1210 2143 1287 2186 cum

235 2228 296 2291 has
330 2247 410 2310 ergo
444 2228 640 2291 miraremur
671 2227 825 2304 lautitias,
859 2227 1002 2292 accurrit
1038 2226 1216 2294 Menelaus
1253 2237 1288 2290 et

237 2331 308 2395 ‘hic
335 2332 403 2398 est'
418 2331 535 2415 vinquit
557 2332 664 2414 ‘apud
692 2352 791 2414 quem
816 2331 964 2396 cubitum
992 2330 1134 2414 ponetis,
1159 2340 1193 2394 et
1219 2331 1289 2414 qui-

182 2466 213 2500 ω
235 2436 311 2499 dem
335 2434 401 2500 iam
425 2435 624 2520 principium
648 2455 751 2500 cenae
774 2435 913 2499 uidetis’

687 2558 704 2594 1
752 2557 769 2593 1
817 2557 834 2593 1

279 2645 333 2710 28.
359 2642 496 2726 longum
515 2653 586 2708 erat
605 2642 736 2725 singula
752 2642 913 2725 excipere.
960 2642 1073 2726 itaque
1089 2642 1288 2708 intrauimus

235 2747 402 2824 balneum,
420 2758 453 2812 et
474 2749 595 2812 sudore
616 2747 750 2810 calfacti
769 2756 937 2810 momento
956 2747 1117 2829 temporis
1136 2747 1179 2811 ad
1198 2747 1289 2828 frigi-

235 2852 313 2916 dam
336 2852 472 2916 eximus.
519 2851 584 2915 iam
602 2850 802 2914 Trimalchio
819 2860 991 2932 unguento
1008 2851 1165 2933 perfusus
1181 2860 1289 2932 terge-

235 2957 341 3033 batur,
358 2977 425 3019 non
448 2956 567 3030 linteis,
585 2956 644 3018 sed
668 2954 776 3038 palliis
798 2974 839 3018 ex
861 2955 938 3016 lana
960 2954 1155 3018 mollissima
1177 2955 1286 3018 factis.

184 3089 211 3136 ας
236 3069 303 3124 tres
337 3059 468 3124 interim
502 3059 688 3141 iatraliptae
718 3057 752 3122 in
783 3068 966 3140 conspectu
999 3057 1070 3120 eius
1106 3058 1288 3123 Falernum

236 3163 406 3246 potabant,
431 3172 464 3228 et
489 3183 563 3226 cum
592 3161 769 3244 plurimum
797 3161 942 3224 rixantes
969 3161 1193 3237 effunderent,
1217 3161 1289 3224 Tri-

236 3268 379 3332 malchio
403 3268 464 3330 hoc
489 3287 585 3329 suum
609 3265 806 3348 propinasse
830 3265 969 3330 dicebat.
1017 3265 1095 3328 hinc
1116 3264 1288 3332 inuolutus

236 3371 372 3438 coccina
394 3391 545 3454 gausapa
568 3369 705 3434 lecticae
728 3368 903 3452 impositus
930 3377 982 3432 est
1008 3368 1288 3450 praecedentibus

237 3475 418 3560 phaleratis
449 3474 638 3538 cursoribus
670 3483 826 3556 quattuor
856 3482 890 3536 et
920 3471 1131 3548 chiramaxio,
1156 3472 1190 3535 in
1221 3493 1288 3554 quo

184 3609 214 3663 ³⁰
237 3580 374 3648 deliciae
397 3579 468 3642 eius
491 3578 708 3651 uehebantur,
729 3589 817 3658 'puer
840 3576 981 3650 uetulus‚
1006 3575 1127 3660 lippus,
1152 3575 1288 3640 domino

237 3681 484 3748 Trimalchione
523 3679 713 3742 deformior.
776 3699 852 3744 cum
890 3698 970 3761 ergo
1009 3679 1205 3755 auferretur,
1244 3680 1288 3744 ad
