2934 4236
650 267 785 318 sannen
1209 276 1270 341 129

216 425 285 488 lum
302 425 336 488 in
353 446 414 489 suo
427 423 621 508 sterquilino
638 425 816 506 plurimum
832 446 941 507 posse.
981 426 1093 510 itaque
1105 437 1268 511 quantum

216 529 366 610 intellegi
389 530 505 610 potuit,
532 531 613 592 haec
637 527 729 591 uis'us
753 539 803 592 est
827 530 956 594 dicere:
989 537 1071 612 ‘ego
1094 545 1136 608 te,
1162 531 1269 595 fortis·

216 633 300 696 sime
327 633 464 696 deorum
494 633 649 708 Hercule,
678 633 812 714 speraui
842 633 923 696 mihi
954 634 1146 698 adfuturum
1178 637 1268 717 apud

215 737 306 811 alios,
332 747 366 799 et
389 737 496 819 siqui
520 757 539 799 a
562 757 615 800 me
639 747 790 800 notorem
813 737 961 818 petisset,
986 749 1019 801 te
1046 739 1096 802 lui
1122 740 1268 802 nomina-

176 867 191 916 5
214 850 319 916 turus,
342 841 399 923 qui
421 861 474 904 me
498 841 622 923 optime
646 841 743 904 nosti.
799 862 875 904 nam
901 841 928 904 si
952 843 1110 905 memoria
1133 843 1266 925 repetis

215 964 279 1025 ego
302 965 392 1008 eram
417 945 473 1027 qui
496 944 611 1008 Tiburi
634 956 711 1009 ante
735 945 897 1028 templum
920 955 1014 1009 tuum
1038 946 1088 1009 ius
1115 946 1265 1010 dicebam

215 1049 293 1112 totis
312 1049 430 1112 diebus
449 1069 564 1112 mense
588 1049 672 1112 lulio
691 1060 725 1112 et
744 1049 909 1131 Augusto.
956 1059 993 1112 tu
1014 1049 1087 1125 scis,
1105 1061 1265 1132 quantum

215 1152 280 1216 illic
304 1152 511 1216 miseriarum
535 1152 677 1227 tulerim,
699 1173 774 1216 cum
797 1152 983 1216 causidicos
1006 1153 1155 1216 audirem
1179 1154 1265 1216 diem

215 1265 249 1320 et
272 1265 414 1332 noctem,
439 1256 473 1320 in
496 1276 580 1339 quos
603 1256 631 1318 si
654 1256 836 1332 incidisses
862 1257 959 1320 ualde
983 1256 1079 1320 fortis
1104 1257 1181 1320 licet
1207 1257 1266 1320 tibi

163 1388 192 1422 ιο
215 1360 369 1435 uidearis,
387 1359 560 1424 maluisses
577 1360 707 1423 cloacas
724 1361 867 1442 Augeae
883 1380 1046 1442 purgare:
1071 1361 1174 1423 multo
1191 1362 1266 1442 plus

215 1483 279 1544 ego
295 1463 450 1528 stercoris
466 1463 612 1528 exhausi.
661 1464 720 1526 sed
736 1463 893 1546 quoniam
910 1462 1005 1526 uolo'

215 1676 247 1739 8.
274 1679 359 1737 ‘non
383 1672 502 1736 mirum
525 1672 615 1754 quod
637 1671 671 1734 in
694 1672 818 1736 curiam
842 1672 1004 1754 impetum
1027 1672 1155 1736 fecisti:
1183 1673 1265 1737 nihil

213 1777 275 1842 tibi
301 1776 404 1842 clausi
429 1786 487 1840 est.
541 1776 640 1840 modo
665 1776 718 1838 dic
746 1776 852 1852 nobis,
877 1777 1010 1858 qualem
1038 1776 1138 1839 deum
1165 1776 1265 1840 istum

214 1881 285 1944 fieri
297 1881 388 1944 uelis
434 1877 653 1962 Ἐπικούρειος
670 1874 738 1944 θεὸς
755 1901 822 1943 non
839 1890 951 1962 potest
966 1900 1059 1943 esse:
1083 1875 1155 1942 οὔτε
1170 1876 1265 1946 αὐτὸς

162 2015 190 2062 15
213 1980 380 2067 πράγματ’
401 1981 469 2068 ἔχει
492 1980 564 2046 οὔτε
586 1981 702 2049 ἄλλοις
725 1980 863 2068 παρέχει
876 2010 886 2058 ,·
916 1985 1070 2049 Stoicus?
1098 1986 1265 2066 quomodo

214 2099 324 2170 potest
341 2089 532 2152 “rotundus
544 2089 561 2114 ’³
579 2109 662 2164 esse,
679 2099 716 2152 ut
737 2089 783 2152 ait
798 2091 914 2164 Varro,
933 2089 1033 2152 “sine
1056 2089 1175 2170 capite,
1193 2089 1264 2152 sine

214 2193 437 2275 praeputio’'?
469 2202 520 2258 est
546 2193 670 2275 aliquid
695 2193 729 2256 in
756 2193 812 2257 illo
840 2192 944 2258 Stoici
970 2193 1032 2268 dei,
1056 2192 1122 2255 iam
1147 2193 1264 2256 uideo:

213 2317 275 2360 nec
305 2317 362 2360 cor
392 2317 454 2362 nec
485 2307 587 2379 caput
617 2297 727 2360 habet.
775 2297 803 2360 si
833 2296 1042 2360 mehercules
1073 2318 1093 2359 a
1118 2297 1263 2361 Saturno

214 2401 353 2483 petisset
375 2401 438 2466 hoc
461 2401 667 2477 beneficium,
688 2401 781 2464 cuius
805 2421 954 2464 mensem
977 2410 1048 2464 toto
1071 2421 1159 2464 anno
1183 2401 1265 2464 cele-

160 2537 190 2569 ω
212 2505 322 2568 brauit
344 2505 584 2570 Saturnalicius
608 2505 773 2587 princeps,
791 2525 858 2568 non
881 2505 1011 2569 tulisset
1033 2505 1122 2581 illud,
1140 2504 1263 2568 nedum

213 2609 255 2672 ab
279 2609 369 2685 Ioue,
394 2628 493 2690 quem
516 2619 677 2690 quantum
701 2609 835 2691 quidem
858 2609 892 2672 in
915 2609 971 2673 illo
994 2609 1066 2684 fuit,
1092 2609 1264 2672 damnauit

212 2712 338 2776 incesti.
387 2713 538 2778 Silanum
554 2713 643 2775 enim
659 2733 820 2794 generum
837 2734 934 2776 suum
950 2713 1071 2776 occidit
1087 2722 1264 2795 propterea

213 2817 302 2899 quod
325 2837 471 2882 sororem
495 2838 599 2892 suam,
621 2817 871 2880 iestiuissimam
895 2817 1043 2880 omnium
1067 2818 1261 2900 puellarum,

212 2941 314 3003 quam
330 2941 446 2984 omnes
458 2922 626 2984 Venerem
639 2931 806 2997 uocarent,
820 2921 936 2984 maluit
952 2922 1116 2984 Iunonem
1132 2941 1261 2984 uocare.

160 3053 190 3102 ος
214 3029 233 3058 “
243 3025 372 3108 quare''
389 3025 496 3107 inquit
513 3031 666 3108 “quaero
682 3026 781 3101 enim,
799 3047 945 3089 sororem
962 3027 1079 3089 suam?
1092 3027 1108 3052 '⁹
1153 3026 1261 3100 stulte,

213 3128 329 3192 stude:
367 3129 512 3192 Athenis
548 3131 720 3192 dimidium
758 3130 844 3206 licet,
880 3131 1106 3193 Alexandriae
1145 3140 1260 3192 totum.

214 3232 322 3316 “quia
353 3233 510 3297 Romae”
542 3233 651 3316 inquis
683 3240 821 3297 “mures
852 3234 956 3297 molas
990 3234 1152 3316 lingunt.''
1210 3233 1263 3295 hic

212 3336 309 3400 nobis
325 3357 428 3400 curua
443 3337 608 3418 corriget?
627 3337 706 3420 quid
723 3337 757 3400 in
774 3338 925 3401 cubiculo
942 3359 1001 3401 suo
1018 3338 1128 3411 faciat,
1147 3337 1261 3411 nescit,

212 3450 246 3504 et
261 3440 326 3503 iam
345 3440 457 3506 “caeli
473 3451 638 3505 scrutatur
654 3442 771 3522 plagas
781 3442 822 3504 '’?
847 3443 929 3505 deus
945 3442 1015 3504 fieri
1031 3441 1120 3504 uult:
1145 3461 1263 3521 parum

160 3573 190 3620 30
212 3553 264 3608 est
280 3544 369 3626 quod
383 3544 545 3626 templum
562 3544 595 3606 in
614 3545 785 3608 Britannia
802 3546 911 3620 habet,
926 3545 1015 3627 quod
1032 3546 1119 3607 hunc
1131 3541 1264 3606 barbari

212 3647 326 3712 colunt
341 3657 375 3710 et
390 3656 427 3711 ut
442 3647 542 3712 deum
558 3658 654 3712 orant
669 3647 777 3730 μωροῦ
791 3643 940 3710 εὐιλάτου
955 3648 1065 3730 τυχεῖν
1075 3645 1104 3709 ?’

291 3760 367 3798 runo.
380 3761 496 3810 san-9
