2934 4236
643 245 814 294 nrvnurvs
1222 249 1256 314 ις
1262 251 1279 314 3

222 400 372 464 crinibus
403 400 583 482 detergens
614 401 780 464 iacturum
811 401 1000 484 spopondit,
1032 411 1065 466 et
1100 403 1280 484 praeuertit

222 504 337 567 statim
353 504 467 566 lumen
484 503 653 567 nascentis
669 503 742 566 diei.

269 627 324 685 14.
350 608 466 689 iugum
486 607 647 671 sororium
669 628 879 690 consponsae
898 609 1053 672 factionis
1075 631 1117 672 ne
1139 611 1280 692 parenti-

220 712 286 775 bus
319 711 454 794 quidem
486 711 566 774 uisis
596 721 687 775 recta
716 712 757 775 de
789 712 930 776 nauibus
958 715 1131 795 scopulum
1161 725 1278 796 petunt

183 845 196 890 5
220 815 317 878 illum
334 815 510 898 praecipiti
525 836 602 878 cum
618 816 802 892 uelocitate,
821 835 882 880 nec
899 817 991 880 uenti
1008 817 1145 880 ferentis
1163 839 1280 899 opper-

219 928 277 982 tae
297 919 523 1001 praesentiam
543 919 714 983 licentiosa
736 939 811 984 cum
836 921 1022 984 temeritate
1047 921 1221 1002 prosiliunt
1246 922 1277 984 in

220 1023 338 1086 altum.
386 1043 448 1092 nec
468 1022 642 1086 immemor
660 1024 836 1108 Zephyrus
861 1024 981 1104 regalis
1000 1025 1108 1100 edicti,
1126 1025 1279 1107 quamuis

220 1127 360 1203 inuitus,
372 1137 546 1208 susceptas
558 1147 615 1218 eas
625 1127 752 1208 gremio
765 1127 922 1210 spirantis
933 1149 1032 1191 aurae
1046 1129 1115 1192 solo
1127 1129 1275 1192 reddidit.

222 1241 257 1294 at
288 1231 373 1318 illae
396 1231 607 1294 incunctatae
638 1231 749 1294 statim
781 1231 932 1295 conferto
969 1233 1109 1312 uestigio
1143 1233 1277 1295 domum

168 1364 197 1396 ιο
222 1344 414 1418 penetrant,
430 1334 689 1418 complexaeque
706 1334 864 1416 praedam
878 1355 981 1410 suam,
996 1356 1126 1398 sorores
1146 1337 1279 1399 nomine

222 1437 435 1516 mentientes,
449 1439 734 1520 thensaurumque
747 1437 879 1519 penitus
896 1439 1027 1501 abditae
1041 1439 1168 1502 fraudis
1185 1441 1279 1502 uultu

222 1544 312 1606 laeto
335 1550 498 1622 tegentes,
519 1542 566 1604 sic
590 1541 745 1604 adulant:
771 1542 930 1626 ‘Psyche
954 1563 1021 1604 non
1045 1542 1090 1605 ita
1115 1555 1149 1606 ut
1173 1543 1278 1624 pridie

222 1647 375 1728 paruula,
398 1655 431 1708 et
455 1645 529 1727 ipsa
559 1645 624 1708 iam
652 1656 758 1710 mater
784 1647 838 1708 cs!
885 1656 1046 1727 quantum
1075 1657 1173 1728 putas
1200 1648 1278 1710 boni

222 1750 320 1813 nobis
345 1750 379 1812 in
407 1750 469 1812 ista
496 1750 585 1830 geris
613 1750 747 1832 perula!
779 1749 912 1832 quantis
937 1749 1067 1830 gaudiis
1093 1760 1196 1813 totam
1224 1751 1278 1814 do-

169 1883 197 1928 15
223 1874 316 1916 mum
347 1863 495 1916 nostram
527 1853 701 1916 hilarabis!
759 1875 779 1916 o
809 1873 870 1916 nos
901 1853 1025 1929 beatas,
1058 1874 1141 1935 quas
1172 1853 1278 1916 inian-

222 1958 267 2021 tis
297 1957 390 2020 aurei
420 1957 624 2020 nutrimenta
654 1957 843 2020 laetabunt!
879 1957 936 2040 qui
966 1958 994 2020 si
1024 1967 1210 2039 parentum,
1243 1967 1278 2020 ut

222 2071 366 2144 oportet,
391 2061 630 2143 pulchritudini
652 2061 871 2143 responderit,
901 2081 1039 2143 prorsus
1067 2061 1196 2142 Cupido
1224 2081 1278 2124 na·

223 2165 357 2229 sector!

270 2287 323 2349 15.
350 2269 396 2333 sic
412 2270 602 2334 adfectione
622 2269 776 2334 simulata
795 2271 954 2352 paulatim
975 2269 1096 2334 sororis
1115 2269 1278 2332 inuadunt

169 2404 201 2436 ω
223 2373 381 2437 animum.
429 2374 607 2457 statimque
631 2395 689 2437 eas
708 2373 903 2438 lassitudine
923 2375 995 2437 uiae
1016 2373 1173 2437 sedilibus
1194 2374 1279 2436 reio

223 2487 276 2541 tas
293 2487 326 2540 et
341 2478 535 2541 balnearum
552 2478 725 2560 uaporosis
741 2478 890 2541 fontibus
906 2489 1037 2541 curatas
1055 2477 1278 2559 pulcherrimo

223 2581 366 2644 triclinio
390 2581 547 2664 mirisque
571 2582 635 2644 illis
658 2592 691 2645 et
713 2582 821 2644 beatis
844 2582 996 2645 edulibus
1020 2592 1119 2664 atque
1138 2581 1278 2644 tuccetis

224 2685 378 2748 oblectat.
426 2685 517 2748 iubet
541 2686 702 2749 citharam
726 2686 825 2768 loqui,
852 2686 1021 2767 psallitur:
1046 2684 1143 2747 tibias
1167 2705 1276 2766 agere,

226 2798 381 2852 sonatur:
412 2791 532 2853 choros
560 2809 688 2866 canere,
714 2800 874 2853 cantatur.
922 2809 1008 2872 quae
1035 2797 1155 2851 cuncta
1186 2790 1277 2852 nullo

172 2917 200 2964 25
226 2901 402 2974 praesente
416 2882 618 2956 ¹dulcissimis
635 2893 777 2956 modulis
794 2894 922 2956 animos
939 2893 1143 2955 audientium
1160 2893 1278 2954 remul-

226 2995 354 3058 cebant.
406 3018 467 3060 nec
483 2998 827 3060 tamen'scelestarum
844 2997 1043 3060 feminarum
1060 2995 1206 3078 nequitia
1224 2997 1278 3058 uel

225 3099 300 3182 ipsa
324 3101 448 3164 mellita
472 3112 590 3165 cantus
615 3102 791 3165 dulcedine
822 3101 947 3164 mollita
978 3100 1183 3182 conquieuit;
1219 3100 1278 3162 scd

226 3203 269 3265 ad
285 3204 483 3268 destinatam
500 3206 668 3269 fraudium
688 3207 840 3288 pedicam
860 3225 1047 3268 sermonem
1067 3205 1278 3267 conserentes

226 3307 474 3372 dissimulanter
500 3309 669 3392 occipiunt
696 3309 865 3384 sciscitari,
891 3308 997 3391 qualis
1024 3308 1054 3371 ci
1077 3307 1215 3370 maritus
1246 3316 1280 3370 et

171 3441 202 3485 30
226 3413 324 3488 unde,
349 3413 509 3476 natalium
541 3423 633 3477 secta
664 3413 738 3476 cuia
766 3413 965 3495 proueniret.
1013 3421 1092 3474 tunc
1119 3411 1175 3473 illa
1206 3410 1280 3472 sim-

227 3515 374 3595 plicitate
391 3517 491 3578 nimia
509 3517 638 3598 pristini
663 3517 825 3579 sermonis
849 3516 950 3578 oblita
969 3535 1093 3577 nouum
1115 3533 1280 3576 commen-

226 3627 297 3680 tum
313 3619 454 3696 instruit,
468 3621 590 3703 aitque,
604 3620 759 3683 maritum
776 3639 873 3681 suum
889 3619 931 3681 de
947 3617 1119 3700 prouincia
1131 3615 1279 3698 proxima
