2934 4236
211 292 271 370 roo
470 299 682 350 rnnouuurs
705 299 750 349 or
775 300 899 350 nonan
923 300 1049 349 smum

259 457 422 520 titubante
450 465 483 518 et
510 455 642 537 saepius
670 455 865 519 uaccillante
897 456 1040 537 uestigio¹
1069 457 1178 538 deque
1208 457 1314 520 nimio

259 560 384 644 pallore
416 559 564 641 corporis
595 569 628 622 et
659 559 792 622 assiduo
823 559 1001 643 suspiratu,
1034 560 1134 623 immo
1166 569 1199 623 et
1229 560 1315 643 ipsis

259 664 483 728 maerentibus
514 663 617 725 oculis
647 663 721 738 tuis,
755 683 866 726 amore
897 663 998 727 nimio
1029 663 1169 727 laboras.
1229 685 1313 746 ergo

172 777 175 784 '
259 768 340 831 mihi
361 767 518 842 ausculta,
537 787 598 829 nec
618 776 651 830 te
670 753 796 829 rursus*
809 766 1003 849 praecipitio
1027 768 1080 830 uel
1104 768 1172 831 ullo
1195 769 1314 832 mortis

221 901 235 949 5
259 871 419 936 accersito
447 880 479 933 te
506 890 630 952 genere
657 870 809 951 perimas.
869 870 992 933 luctum
1020 872 1135 934 desine
1162 883 1195 935 et
1222 894 1313 954 pone

259 996 442 1039 maerorem
462 973 682 1059 precibusque
701 975 811 1057 potius
831 975 1030 1056 Cupidinem
1052 976 1189 1039 deorum
1212 977 1314 1039 maxi-

259 1101 350 1142 mum
366 1079 507 1162 percole,
525 1089 566 1154 et,
581 1088 697 1160 utpote
713 1078 962 1142 adulescentem
978 1079 1155 1142 delicatum
1172 1081 1313 1144 luxurio·
1342 1092 1345 1097 ’

259 1204 408 1266 sumque,
425 1183 555 1246 blandis
571 1182 738 1264 obsequiis
756 1182 965 1264 promerere?

303 1291 357 1380 ιβ.
383 1289 429 1351 sic
451 1288 561 1350 locuto
583 1287 645 1349 deo
667 1297 800 1368 pastore
824 1287 981 1369 nulloque
1005 1308 1157 1351 sermone
1181 1289 1313 1353 reddito

208 1422 236 1455 ιο
259 1393 318 1456 sed
337 1393 473 1455 adorato
493 1400 622 1454 tantum
646 1390 782 1453 numine
806 1391 942 1453 salutari
967 1392 1096 1475 Psyche
1120 1393 1228 1473 pergit
1252 1393 1311 1456 ire.

260 1497 318 1560 sed
341 1547 348 1561 .
375 1545 381 1558 .
408 1546 414 1559 .
439 1495 584 1578 aliquam
604 1495 744 1556 multum
764 1494 838 1557 uiae
857 1494 1021 1558 laboranti
1040 1495 1181 1576 uestigio
1203 1517 1314 1578 perer-

260 1611 374 1677 rasset,
400 1599 503 1663 inscio
527 1599 671 1682 quodam
695 1597 827 1661 tramite
851 1597 914 1660 iam
944 1598 997 1661 die
1025 1599 1157 1662 labente
1183 1601 1314 1664 accedit

260 1705 427 1788 quandam
444 1703 612 1767 ciuitatem
628 1703 662 1764 in
678 1722 744 1784 qua
760 1722 900 1784 regnum
917 1701 1054 1765 maritus
1073 1703 1171 1766 unius
1190 1705 1314 1767 sororis

260 1808 331 1872 eius
354 1807 535 1890 optinebat.
587 1827 653 1889 qua
677 1827 713 1869 re
738 1805 872 1887 cognita
897 1807 1026 1890 Psyche
1051 1807 1196 1870 nuntiari
1220 1828 1315 1889 prae·

209 1941 236 1987 15
260 1911 401 1974 sentiam
433 1932 527 1974 suam
558 1909 662 1974 sorori
692 1910 868 1973 desiderat.
915 1930 992 1972 mox
1023 1909 1158 1974 inducta
1180 1895 1314 1974 'mutuis

261 2015 467 2098 amplexibus
502 2015 648 2078 alternae
684 2013 891 2076 salutationis
925 2013 1065 2094 expletis
1101 2016 1314 2096 percontanti

261 2139 378 2182 causas
401 2121 566 2182 aduentus
590 2118 640 2180 sui
664 2117 710 2180 sic
734 2117 868 2199 incipit:

306 2223 502 2286 ‘meministi
524 2221 698 2286 consilium
716 2230 872 2296 uestrum,
898 2221 1022 2285 scilicet
1046 2243 1112 2304 quo
1136 2223 1216 2285 mihi
1242 2245 1315 2286 sua-

261 2328 349 2392 sistis
375 2337 410 2390 ut
437 2327 578 2390 bestiam
605 2345 690 2408 quae
718 2324 827 2387 mariti
854 2325 993 2390 mentito
1021 2326 1155 2388 nomine
1182 2347 1313 2390 mecum

208 2462 238 2494 ω
261 2431 461 2514 quiescebat,
480 2430 673 2512 priusquam
689 2428 837 2510 ingluuie
854 2428 966 2491 uoraci
982 2449 1035 2491 me
1052 2429 1214 2492 misellam
1235 2432 1314 2494 hau-

261 2534 347 2610 riret,
373 2533 510 2615 ancipiti
533 2533 697 2596 nouacula
721 2532 927 2614 perimerem.
976 2533 1035 2595 sed
1058 2553 1134 2596 cum
1159 2534 1312 2615 primum,

261 2648 297 2702 ut
320 2658 425 2720 aeque
450 2638 629 2719 placuerat,
651 2635 785 2700 conscio
810 2635 934 2698 lumine
958 2637 1070 2699 uultus
1093 2637 1164 2700 eius
1188 2638 1312 2718 aspexi,

261 2742 358 2806 uideo
383 2742 502 2804 mirum
530 2741 746 2822 diuinumque
774 2761 910 2822 prorsus
938 2741 1175 2822 spectaculum,
1203 2725 1312 2822 ipsum

261 2847 352 2910 illum
380 2847 462 2909 deae
486 2844 628 2909 Veneris
656 2843 768 2920 filium,
796 2844 914 2926 ipsum,
940 2843 1086 2926 inquam,
1114 2844 1312 2926 Cupidinem

209 2981 236 3027 ας
261 2951 328 3013 leni
343 2951 453 3033 quiete
470 2949 623 3031 sopitum.
672 2968 710 3010 ac
730 2948 810 3010 dum
830 2947 914 3010 tanti
934 2947 1013 3010 boni
1033 2948 1224 3029 spectaculo
1244 2969 1315 3030 per-

262 3053 326 3116 cita
342 3064 375 3117 et
390 3053 492 3117 nimia
508 3052 690 3134 uoluptatis
706 3051 803 3133 copia
822 3051 955 3114 turbata
974 3051 1106 3113 fruendi
1128 3051 1313 3115 laborarem

262 3157 383 3238 inopia,
401 3178 479 3220 casu
500 3157 625 3219 scilicet
644 3176 802 3238 pessumo
822 3155 957 3218 lucerna
978 3149 1114 3218 feruens
1136 3155 1246 3218 oleum
1268 3177 1315 3219 re-

172 3301 178 3314 ·
262 3259 391 3322 bulliuit
404 3261 435 3321 in
450 3261 520 3323 eius
533 3280 694 3322 umerum.
735 3279 800 3342 quo
817 3258 930 3322 dolore
947 3259 1057 3321 statim
1074 3279 1191 3322 somno
1207 3279 1315 3322 recus-

263 3384 328 3439 sus,
343 3362 399 3426 ubi
411 3383 464 3425 me
477 3365 564 3426 ferro
579 3373 612 3426 et
627 3363 696 3444 igni
712 3362 885 3445 conspexit
902 3372 1071 3437 armatam,
1088 3367 1141 3424 ‘tu
1159 3362 1313 3444 quidem,'

209 3498 239 3542 30
263 3467 377 3549 inquit,
397 3466 457 3528 ‘ob
476 3466 563 3528 istud
583 3476 651 3530 tam
672 3467 779 3529 dirum
799 3466 930 3528 facinus
950 3464 1125 3527 confestim
1147 3475 1218 3529 toro
1240 3487 1315 3530 meo

263 3571 391 3634 diuorte
404 3570 529 3651 tibique
543 3590 595 3632 res
607 3580 682 3633 tuas
696 3571 825 3632 habeto.
869 3589 932 3649 ego
947 3587 1025 3630 uero
1038 3588 1184 3631 sororem
1201 3571 1313 3646 tuam,’

262 3683 350 3735 -et
371 3692 502 3747 nomen,
523 3694 588 3754 quo
611 3682 647 3735 tu
671 3673 826 3748 censeris
847 3671 1114 3747 aiebat-‘iam
1137 3672 1219 3735 mihi
1241 3693 1316 3736 con-
