2926 4232
662 329 784 379 VARRO

575 501 663 548 ΤΔΦΗ
689 501 872 549 numnam*

395 610 452 663 Our
464 620 594 664 ancestors
607 611 676 663 lived
690 611 718 663 in
730 613 822 664 lausei
835 611 869 681 of
876 613 957 664 crude
969 612 1051 677 briola,
1141 679 1146 690 ἱ

170 747 247 794 201.
323 727 450 810 antiqui
466 728 571 791 nostri
587 728 619 790 in
637 727 790 790 domibus
809 729 964 792 latericiis
984 730 1155 810 paululum
1176 731 1274 794 modo

279 831 446 913 lapidibus
467 831 679 906 suffundatis,
697 841 733 894 ut
754 852 903 896 umorem
925 833 1131 914 eciugerent,
1150 835 1274 897 habita-

279 935 380 999 bant„
1080 966 1154 1018 Non.
1169 965 1213 1030 48.
1232 980 1271 1033 ¹3-

445 1040 483 1094 Or
494 1041 528 1110 of
534 1041 717 1094 wicker-work
728 1042 848 1094 smeored
860 1042 919 1094 witlt
932 1043 999 1111 clay,

171 1175 246 1223 202.
279 1166 316 1220 ut
332 1156 528 1220 hirundines
545 1157 697 1238 uirgultis
714 1157 825 1221 oblitis
844 1158 913 1221 luto
929 1140 1060 1241 tegulas
1076 1159 1256 1239 fingebant.

1071 1262 1143 1314 Non.
1157 1260 1217 1328 308.
1231 1275 1273 1328 32.

537 1361 603 1413 And
615 1362 673 1414 witlt
688 1361 759 1432 rooss
772 1362 807 1431 os
814 1363 907 1415 thalel.

170 1496 246 1554 203.
323 1487 358 1541 at
373 1478 407 1540 in
424 1477 594 1559 segetibus
610 1488 687 1559 post
706 1498 850 1541 messem
870 1478 1071 1560 colligebant
1093 1489 1274 1542 stramenta

280 1582 337 1665 qui
352 1581 519 1645 domicilia
534 1582 690 1646 colerent.
1071 1611 1144 1662 Non,
1159 1624 1217 1678 251,
1231 1626 1273 1678 30·

323 1787 392 1840 Noto
404 1804 456 1854 you
466 1786 531 1856 find
543 1786 640 1838 mosaic
651 1795 808 1854 pauemeate,
821 1788 877 1839 ond
890 1787 1024 1839 incrusted
1038 1788 1118 1850 walls,

54 1960 65 1966 -
170 1922 247 1982 204.
280 1897 486 1985 ullamve
502 1903 697 1985 pauimenta
712 1912 747 1967 et
763 1903 906 1984 parietes
923 1903 1132 1966 incrustatos

1079 2005 1154 2057 Non.
1172 2019 1230 2074 129.
1245 2019 1272 2070 4.

226 2113 294 2166 Ana
305 2113 475 2184 liaaynifieent
485 2113 614 2182 portiones
627 2112 687 2165 will
699 2113 737 2164 all
749 2120 815 2165 sorte
828 2112 863 2181 of
870 2112 1019 2165 additional
1032 2113 1213 2165 elaboratione.

170 2247 247 2309 205.
323 2251 391 2293 000
414 2230 509 2292 uides
532 2229 566 2291 in
590 2229 722 2310 magnis
750 2229 918 2313 peristylis
946 2228 1002 2310 qui
1026 2239 1161 2312 cryptas
1184 2229 1274 2292 domi

280 2354 347 2397 000
363 2334 496 2409 habent,
515 2333 667 2395 sabulum
683 2333 792 2395 iacere
809 2353 829 2394 a
844 2331 971 2414 pariete
987 2342 1063 2395 ante
1080 2333 1273 2416 xystos‚.ubi

280 2438 449 2500 ambulare
466 2436 620 2519 possint?
1070 2465 1143 2516 Non.
1160 2462 1217 2532 ¹⁶9·
1234 2477 1272 2516 10.

170 2642 225 2695 But
238 2642 305 2695 atat
317 2644 383 2695 need
396 2643 419 2694 ia
431 2643 500 2695 tltere
513 2642 548 2711 os
554 2643 684 2712 aqueduet
696 2649 777 2694 water
789 2641 817 2693 in
830 2658 905 2709 every
917 2642 1016 2697 lause?
1058 2641 1124 2708 1le
1137 2650 1181 2692 not
1196 2643 1273 2693 mend

278 2747 345 2798 your
357 2739 485 2782 worn-out
500 2729 623 2798 piabere,
638 2729 693 2780 and
706 2728 783 2798 brinp
796 2737 874 2780 water
885 2728 961 2796 sium
974 2730 1013 2779 tle
1024 2729 1112 2796 public
1127 2729 1189 2792 well,
1203 2746 1233 2780 as
1245 2729 1273 2781 in

279 2817 320 2868 tlte
331 2817 400 2886 qood
412 2817 457 2868 old
469 2817 561 2869 times?

171 2933 247 2996 206.
325 2932 384 2994 sed
400 2950 485 3014 quae
502 2930 684 2994 necessitas
699 2940 733 2993 te
749 2929 841 2993 iubet
857 2949 977 3012 aquam
994 2930 1167 2992 effundere
1184 2930 1273 2993 domi

197 3032 199 3036 ’
280 3035 381 3097 tuae?
427 3034 455 3096 si
474 3054 556 3096 uasa
575 3034 679 3097 habes
700 3043 846 3115 pertusa,
864 3032 1037 3114 plumbum
1059 3054 1125 3095 000
1148 3034 1273 3096 habes?

280 3137 438 3220 adquam
460 3157 530 3200 rem
551 3137 648 3201 nobis
669 3147 720 3200 est
741 3136 968 3200 confluuium?
1014 3136 1056 3198 ad
1080 3158 1178 3218 quam
1204 3159 1272 3199 rem

281 3241 474 3304 umarium?
1071 3269 1135 3319 Non
1159 3281 1217 3335 544·
1236 3267 1273 3318 ,6,

347 3387 435 3456 Verily
449 3387 541 3439 Numa
553 3388 641 3440 would
645 3387 710 3456 find
722 3404 739 3438 a
753 3386 872 3455 clanped
883 3395 948 3438 state
961 3386 995 3455 os
1000 3386 1103 3454 society.

172 3521 248 3582 207.
325 3504 408 3567 haec
426 3503 537 3566 Numa
555 3503 735 3585 Pompilius
753 3502 823 3565 fieri
842 3502 869 3565 si
891 3502 1018 3577 uiderit,
1037 3502 1118 3565 sciet
1140 3523 1273 3565 suorum

281 3607 507 3671 institutorum
524 3627 585 3670 nec
602 3607 712 3669 uolam
728 3626 790 3669 nec
808 3606 985 3686 uestigium
1003 3607 1182 3687 apparere!

1063 3709 1138 3759 Non.
1152 3706 1214 3769 416.
1231 3719 1272 3768 17.
