2926 4232
444 317 655 368 FRAGMENTS
678 319 723 368 OF
747 320 873 369 ROMAN
897 319 1023 368 SATIRE

625 492 841 538 MARcoPOLm

644 595 715 671 Περὶ
734 598 821 674 &exue

185 717 285 788 Thinqs
297 735 330 788 qo
343 716 421 785 badly
433 716 460 768 in
473 716 522 768 uis
535 717 624 768 world.
663 716 781 768 Nu!u›·al
794 716 907 786 equolity
919 715 954 785 of
965 715 1048 786 riyhts
1060 715 1083 767 io
1095 724 1139 768 not
1151 717 1286 784 respecled

622 804 653 872 oy
666 805 706 856 roe
718 813 842 872 olroooer.

184 939 256 1000 119.
334 928 453 981 natura
469 917 622 981 humanis
638 919 749 981 omnia
765 928 843 981 sunt
860 918 970 1000 paria:

290 1021 347 1106 qui
364 1031 440 1104 pote
457 1022 532 1103 plus
548 1032 654 1103 urget,
672 1022 772 1104 piscis
788 1032 824 1084 ut
841 1042 941 1104 saepe
958 1021 1103 1084 minutos

334 1145 477 1207 magnus
493 1135 627 1199 comest,
647 1135 682 1188 ut
699 1126 770 1188 auis
786 1125 896 1188 enicat
912 1125 1079 1207 accipiter.
1107 1194 1173 1247 Non
1198 1192 1228 1245 8¹
1257 1208 1275 1261 9

395 1325 462 1378 Aoo
471 1325 582 1394 fortune
594 1336 687 1395 orooro
700 1345 733 1378 oo
746 1344 793 1378 one
807 1325 940 1378 unbroken
952 1343 1065 1377 success.

184 1459 257 1506 120.
291 1440 414 1503 nemini
432 1439 581 1503 Fortuna
598 1462 730 1504 currum
748 1463 767 1502 a
784 1439 915 1504 czircere
933 1439 1048 1502 intimo
1065 1440 1202 1502 missum

290 1542 355 1607 labi
370 1542 573 1606 inoffensum
590 1564 650 1626 per
665 1565 790 1626 aequor
801 1542 978 1607 candidum
996 1545 1038 1607 ad
1055 1545 1178 1608 calce'm
1197 1544 1283 1606 siuit.

1072 1647 1147 1698 Non.
1165 1659 1223 1714 199.
1243 1645 1284 1697 18.

199 1752 254 1804 But
266 1770 329 1804 eveo
342 1752 370 1803 io
383 1753 423 1804 the
437 1752 507 1803 ideal
522 1760 585 1804 state
598 1752 633 1821 os
647 1752 758 1804 Morcus
777 1751 862 1803 Varro
878 1753 919 1803 the
933 1752 1115 1819 philosophus
1132 1752 1265 1820 squaoble.

185 1885 258 1930 121.
292 1866 345 1930 cui
362 1867 459 1931 Celer
474 1863 862 1944 Διενοςλημματοςλόγος,
880 1865 1053 1947 Antipatri
1070 1865 1165 1929 stoici
1187 1865 1282 1928 filius.

269 1979 360 2033 rutro
376 1979 477 2052 caput
494 1970 669 2052 displanat.
1088 1997 1163 2050 Non·
1181 1996 1222 2048 13,
1238 2010 1283 2048 20,

643 2226 822 2272 MELEAGRI

182 2323 221 2377 At
239 2326 280 2378 the
300 2325 415 2395 funeral
433 2326 467 2395 of
480 2342 496 2377 a
512 2335 588 2395 oreot
605 2327 698 2378 menter
716 2327 896 2378 conversation
914 2335 988 2378 turos
1006 2345 1040 2379 on
1059 2326 1099 2378 the
1113 2342 1230 2394 purpose
1248 2325 1285 2394 of

670 2414 791 2482 huntioq.

184 2541 258 2587 122.
335 2543 468 2606 quaero,
486 2533 595 2586 utrum
615 2523 756 2586 fructuis
774 2544 816 2586 an
837 2523 1065 2587 delectationis
1087 2522 1210 2586 causa?
1256 2521 1285 2584 si

291 2627 440 2702 fructuiS,
458 2637 494 2689 ut
510 2627 664 2690 uendatis
688 2677 694 2690 .
721 2677 726 2689 .
753 2677 759 2689 .
1071 2655 1146 2706 Non.
1161 2667 1222 2722 49²·
1240 2666 1282 2716 ¹4·

183 2829 218 2899 Is
229 2846 281 2898 you
302 2828 367 2880 huot
378 2827 429 2897 for
443 2828 575 2896 oleosum,
592 2829 648 2895 why
663 2837 706 2879 not
722 2829 756 2880 sit
771 2828 825 2880 still
840 2837 868 2880 ot
882 2829 922 2880 the
939 2828 1029 2896 public
1046 2827 1215 2892 uenationes,
1229 2828 1285 2878 ond

553 2932 594 2966 see
607 2916 690 2966 others
703 2917 736 2966 do
750 2916 768 2966 ie
778 2915 829 2983 sor
840 2917 911 2984 you?

185 3049 258 3107 123.
336 3030 386 3093 sin
417 3040 529 3092 autem
561 3029 790 3092 delectationis
821 3050 921 3092 causa
952 3029 1130 3105 uenamini,
1159 3039 1284 3111 quanto

292 3133 395 3196 satius
422 3143 473 3199 est
498 3133 598 3196 saluis
628 3133 777 3196 cruribus
805 3133 838 3196 in
862 3133 949 3197 circo
973 3142 1158 3215 expectare,
1184 3151 1283 3214 quam

293 3237 344 3300 his
360 3237 583 3300 descobinatis
599 3237 632 3299 in
650 3236 733 3300 silua
749 3237 905 3300 currere?
1099 3265 1172 3315 Non.
1185 3277 1227 3331 99,
1242 3276 1282 3330 25-

393 3436 429 3489 Io
441 3439 518 3498 short,
532 3438 601 3490 what
613 3437 635 3489 is
648 3439 687 3489 the
701 3453 746 3490 ose
758 3437 793 3506 os
799 3438 836 3490 ull
849 3439 889 3490 the
902 3437 1075 3506 discomsort?

186 3569 259 3631 124.
335 3572 478 3626 currere,
493 3552 640 3633 uigilare,
655 3551 795 3614 esurire:
816 3553 950 3634 quando
964 3553 1045 3615 haec
1062 3553 1174 3615 facere
1191 3571 1285 3632 opor-

291 3656 359 3722 tet?
405 3677 504 3740 quam
522 3656 564 3718 ad
581 3656 704 3720 finem?
1099 3699 1171 3750 Non.
1187 3709 1245 3763 205.
1259 3694 1283 3748 6,
