2926 4232
186 325 228 391 92
452 319 663 370 FRAGMENTS
686 318 731 368 OF
754 319 880 368 ROMAN
904 317 1029 370 SATIRE

241 477 349 552 habet,
368 487 401 540 et
417 497 473 540 cor
489 486 640 540 nostrum
661 475 781 540 cotidie
803 475 963 558 liquescit.
1012 475 1070 538 sed
1094 495 1169 538 cum
1195 474 1295 538 mulsi

241 581 420 664 pultarium
436 580 567 655 obduxi,
585 580 701 662 frigori
716 579 861 643 laecasin
878 579 959 642 dico.
1002 599 1064 642 nec
1081 599 1163 642 sane
1178 579 1294 642 lauare

240 685 350 767 potui;
375 684 424 747 lui
439 684 527 747 enim
545 684 642 746 hodie
658 683 691 745 in
704 684 813 746 funus.
863 684 961 746 homo
973 683 1089 758 belluS,
1102 693 1171 745 tam
1183 682 1294 746 bonus

241 789 474 874 Chrysanthus
498 788 644 850 animam
668 787 801 850 ebulliit.
850 788 959 862 mod0,
979 785 1078 850 modo
1102 807 1155 870 me
1179 787 1295 869 appel·

202 893 329 971 glauit.
382 891 497 955 uideor
520 891 601 954 mihi
623 912 698 955 cum
723 891 778 954 illo
801 891 900 973 loqui.
955 892 1029 967 heu,
1055 892 1149 954 eheu.
1201 901 1294 955 utres

240 996 347 1059 inflati
370 995 587 1058 ambulamus.
635 995 771 1058 minoris
795 1016 894 1077 quam
918 1014 1052 1058 muscae
1078 1014 1202 1070 sumus,
1226 1015 1295 1056 mu

241 1121 310 1162 scae
335 1110 448 1163 tamen
476 1100 620 1182 aliquam
647 1099 803 1163 uirtutem
836 1099 969 1175 habent,
995 1119 1057 1162 nos
1088 1119 1155 1162 non
1187 1099 1294 1180 pluris

242 1225 355 1267 sumus
381 1224 481 1286 quam
506 1203 625 1266 bullae.
672 1203 809 1285 etquid
837 1203 864 1266 si
890 1224 958 1267 non
983 1203 1136 1288 abstinax
1162 1203 1292 1267 luisset.

242 1308 387 1390 quinque
403 1307 474 1370 dies
490 1327 611 1389 aquam
627 1307 660 1369 in
677 1327 714 1370 os
731 1327 826 1370 suum
843 1327 910 1370 non
927 1307 1076 1382 coniecit,
1091 1327 1158 1370 non
1172 1307 1293 1371 micam

190 1443 218 1476 10
242 1412 346 1493 panis.
393 1422 506 1474 tamen
534 1411 614 1473 abiit
641 1411 683 1473 ad
709 1411 830 1491 plures,
877 1410 996 1473 medici
1023 1410 1113 1472 illum
1142 1411 1294 1492 perdide-

242 1526 327 1591 runt,
345 1516 445 1578 immo
462 1515 569 1596 magis
586 1515 692 1577 malus
709 1515 816 1590 fatus3
836 1497 984 1578 medicus
997 1513 1088 1577 enim
1105 1514 1186 1577 nihil
1203 1515 1294 1578 aliud

242 1629 293 1682 est
309 1639 408 1701 quarn
425 1619 526 1680 animi
542 1618 732 1682 consolatio,
779 1628 891 1680 tamen
907 1618 993 1681 bene
1006 1619 1113 1681 elatus
1126 1628 1186 1694 est,
1200 1618 1295 1682 uitali

243 1724 337 1798 lecto,
352 1723 507 1803 stragulis
520 1722 625 1785 bonis.
672 1722 826 1804 planctus
839 1732 890 1785 est
902 1718 1078 1803 optime—
1087 1741 1187 1784 manu
1203 1722 1293 1786 misit

243 1826 528 1908 aliquot-etiam
546 1825 574 1888 si
590 1826 735 1907 maligne
751 1825 842 1888 illum
860 1825 1003 1907 plorauit
1024 1846 1114 1889 uxor.
1161 1825 1239 1908 quid
1265 1827 1294 1889 si

191 1961 217 2006 15
243 1951 309 1993 non
333 1931 422 1992 illam
447 1930 572 2011 optime
596 1929 788 2010 accepisset.
842 1929 901 1992 sed
925 1929 1042 1992 mulier
1065 1949 1151 2012 quae
1175 1930 1294 1993 mulier

243 2034 414 2096 miluinum
440 2053 555 2114 genus.
606 2033 774 2096 neminem
798 2032 879 2096 nihil
902 2033 982 2096 boni
1004 2034 1116 2097 lacere
1141 2043 1291 2115 oportet;

243 2158 347 2219 aeque
365 2147 415 2200 est
432 2137 520 2200 enim
538 2158 575 2200 ac
593 2137 670 2200 siin
691 2147 828 2219 puteum
852 2137 1005 2201 conicias.
1053 2137 1112 2201 sed
1135 2137 1292 2220 antiquus

242 2261 334 2304 amor
349 2261 469 2305 cancer
484 2242 554 2304 est!

285 2364 339 2424 43.
365 2347 524 2423 molestus
541 2345 613 2421 fuit,
629 2345 843 2428 Philerosque
860 2346 1096 2427 proclamauit:
1121 2345 1291 2409 ‘uiuorum

189 2483 217 2514 ω
242 2449 498 2512 meminerimus.
546 2449 599 2512 ille
617 2449 727 2525 habet,
744 2450 834 2532 quod
851 2450 912 2513 sibi
928 2450 1130 2514 debebatur:
1151 2451 1292 2514 honeste

208 2581 222 2608 v
242 2554 329 2630 uixit,
349 2555 488 2616 honeste
505 2553 594 2617 obiit.
642 2553 721 2636 quid
738 2553 839 2616 habet
855 2555 944 2636 quod
960 2555 1140 2637 queratur?
1159 2554 1201 2618 ab
1217 2575 1292 2618 asse

241 2658 344 2721 creuit
361 2668 394 2720 et
410 2667 546 2739 paratus
565 2657 629 2720 fuit
648 2657 866 2740 quadrantem
891 2659 932 2721 de
956 2668 1100 2722 stercore
1124 2659 1292 2722 mordicus

240 2763 363 2825 tollere.
411 2762 522 2844 itaque
546 2761 658 2837 creuit,
683 2761 839 2844 quicquid
863 2762 977 2838 creuit,
997 2772 1156 2845 tanquam
1180 2763 1289 2826 fauus

241 2875 320 2946 puto
337 2866 543 2929 mehercules
559 2865 650 2927 illum
668 2866 839 2948 reliquisse
856 2866 961 2929 solida
976 2876 1119 2942 centum,
1134 2876 1167 2929 et
1179 2866 1292 2929 omnia

188 3002 214 3046 25
240 2969 273 3030 in
291 2970 433 3032 nummis
450 2969 573 3032 habuit.
621 2970 662 3032 de
682 2990 716 3032 re
735 2979 847 3033 tamen
871 2991 934 3052 ego
958 2990 1074 3033 uerum
1098 2970 1215 3045 dicam,
1234 2971 1292 3053 qui

240 3073 387 3154 linguam
404 3073 557 3136 caninam
574 3073 724 3139 comedi:
747 3075 849 3137 durae
868 3074 993 3138 buccae
1017 3073 1089 3149 fuit,
1107 3073 1289 3154 linguosus

240 3177 413 3252 discordia,
442 3197 509 3240 non
541 3177 649 3240 homo.
697 3178 801 3240 frater
831 3178 901 3241 eius
933 3178 1027 3241 fortis
1059 3177 1132 3254 luit,
1164 3177 1291 3242 amicus

239 3281 354 3355 amic0‚
373 3301 473 3343 manu
490 3282 599 3362 plena,
617 3291 720 3344 uncta
736 3302 860 3344 mensa.
908 3291 941 3345 et
957 3282 1043 3370 inter
1059 3282 1152 3346 initia
1169 3281 1290 3344 malam

240 3405 371 3467 parram
389 3384 513 3466 pilauit‚
532 3385 590 3447 sed
612 3386 789 3448 recorrexit
808 3396 918 3449 costas
937 3386 1025 3449 illius
1049 3387 1155 3469 prima
1179 3387 1291 3449 uinde-

185 3523 214 3564 30
239 3490 321 3552 mia:
347 3489 496 3551 uendidit
513 3489 601 3550 enim
618 3489 742 3564 uinum,
760 3490 877 3572 quanti
893 3491 964 3572 ipse
984 3491 1097 3554 uoluit.
1144 3501 1178 3554 et
1201 3491 1289 3574 quod

239 3593 324 3655 illius
341 3602 489 3654 mentum
507 3592 648 3666 sustulit,
667 3594 886 3656 hereditatem
906 3594 1043 3676 accepit,
1062 3615 1102 3657 ex
1125 3616 1190 3677 qua
1215 3596 1290 3676 plus

239 3695 407 3768 inuolauit,
422 3715 521 3776 quam
538 3694 583 3755 illi
599 3694 750 3757 relictum
766 3705 825 3759 cst.
873 3706 906 3759 et
922 3697 976 3760 ille
993 3697 1085 3780 stips,
1100 3699 1178 3761 dum
1196 3698 1291 3761 fratri
