2926 4232
633 313 792 362 LVCILIVS

478 467 559 522 From
572 468 612 520 the
619 467 724 536 picture
736 467 771 536 os
776 485 793 519 o
805 468 945 538 qadabout.

164 589 237 666 185.
271 596 328 650 aut
344 605 420 649 cum
437 584 499 648 iter
515 593 566 646 est
582 583 692 665 aliquo
708 593 742 645 et
758 603 893 645 causam
910 593 1088 646 conmenta
1104 583 1170 646 uiai

269 690 337 754 bito
349 689 439 772 apud
449 688 627 762 aurificem,
639 687 682 749 ad
695 696 845 762 matrem,
857 697 1044 768 cognatam,
1056 687 1097 749 ad
1111 687 1260 750 amicam.

1052 791 1126 841 Non.
1142 803 1202 857 5²²·
1221 803 1260 857 19.

164 901 237 964 186.
270 907 327 961 aut
343 906 481 980 operata
496 895 606 978 aliquo
619 859 655 957 in
672 895 793 958 celebri
809 915 885 957 cum
902 895 1095 977 aequalibus
1112 895 1200 957 fano.

1072 999 1146 1048 Non.
1163 1011 1223 1064 5²3·
1237 1013 1261 1065 9.

164 1109 236 1184 187.
270 1105 358 1168 lanai
375 1124 459 1186 opus
476 1123 574 1167 omne
590 1102 684 1186 perit,
702 1102 816 1185 pallor,
834 1102 934 1164 tiniae
951 1101 1062 1164 omnia
1078 1103 1229 1165 caedunt.

914 1206 989 1256 Non.
1005 1216 1063 1269 272·
1080 1217 1127 1269 133
1147 1203 1206 1268 462.
1221 1219 1261 1269 24.

252 1350 276 1400 A
293 1349 440 1402 contrasted
450 1348 555 1416 picture
568 1347 603 1416 os
613 1347 654 1398 the
664 1346 782 1415 faithful
796 1346 863 1414 wife,
877 1347 932 1397 zolro
945 1347 1032 1397 thinks
1045 1363 1115 1414 upon
1127 1347 1173 1398 lter

598 1434 718 1486 husband
731 1442 758 1485 at
770 1451 824 1486 sea.

164 1559 236 1622 188.
270 1556 321 1618 uir
336 1575 427 1618 mare
444 1554 578 1618 metitur
594 1573 753 1634 magnum
769 1564 802 1615 et
819 1573 854 1616 se
871 1552 1024 1615 fluctibus
1039 1553 1147 1615 tradit.

163 1733 236 1811 189.
269 1730 435 1805 continuo,
453 1729 606 1791 simulac
623 1727 722 1810 paulo
739 1727 926 1790 uementius
943 1747 1023 1789 aura
1052 1657 1126 1708 Non.
1141 1669 1202 1724 350·
1219 1655 1261 1707 18.

252 1832 255 1839 ”
269 1833 399 1909 inflarit,
416 1832 536 1896 fluctus
552 1831 692 1895 erexerit
708 1831 935 1913 extuleritque,
1054 1873 1127 1926 Non·
1142 1885 1202 1941 297·
1217 1887 1260 1924 22·

388 2068 467 2122 From
480 2069 520 2121 the
530 2068 608 2137 soble
621 2068 655 2137 of
666 2069 706 2120 tte
716 2068 770 2137 foc
782 2069 837 2120 and
850 2069 889 2120 tie
900 2068 958 2120 siclo
970 2067 1033 2146 lion.

269 2186 461 2274 [Luciliana
477 2197 555 2251 sunt
571 2189 663 2251 haee.
755 2228 855 2298 Ροῳὴ,
870 2229 898 2281 in
912 2230 981 2283 Hor.
997 2228 1051 2297 Ep.
1068 2229 1090 2281 1,
1109 2243 1131 2281 1.
1147 2227 1258 2297 73-75.]

163 2385 236 2446 190.
662 2414 669 2426 .
695 2413 701 2426 .
728 2413 734 2426 .
759 2364 891 2426 leonem

269 2478 442 2550 aegrotum
459 2489 498 2532 ac
515 2469 639 2532 lassum
663 2518 669 2530 .
696 2518 702 2530 .
729 2518 735 2530 .
1074 2495 1147 2547 Non.
1163 2507 1223 2560 341·
1238 2506 1261 2559 5.

163 2653 236 2712 191.
269 2653 354 2715 quae
371 2653 438 2695 non
456 2632 629 2715 spectandi
645 2631 754 2695 studio
770 2631 829 2694 sed
846 2631 888 2694 ab
904 2629 1023 2694 ominis
1039 2631 1137 2694 taetri

268 2737 402 2818 inpulsu
419 2737 603 2817 ingressast
627 2785 633 2798 .
660 2786 665 2798 .
692 2785 698 2798 .
1074 2764 1146 2814 Non.
1160 2775 1191 2825 4¹
1197 2775 1219 2827 3·
1234 2775 1260 2826 7,

163 2919 236 2981 192.
269 2901 413 2964 deducta
429 2910 508 2964 tunc
525 2919 608 2962 uoce
624 2899 675 2962 leo
694 2905 770 2962 ‘cur
785 2909 821 2962 tu
837 2899 910 2980 ipsa
926 2898 1040 2961 uenire

268 3024 335 3067 non
352 3004 403 3067 uis
419 3004 524 3068 huc?’
551 3053 557 3066 .
583 3053 589 3066 .
616 3053 622 3066 .
1055 3031 1127 3081 Non.
1141 3028 1201 3097 239.
1220 3042 1260 3096 15‘

162 3187 235 3248 193.
270 3167 367 3250 ‘quid
384 3167 445 3231 sibi
461 3166 539 3242 uolt,
557 3187 660 3250 quare
676 3168 721 3242 fit,
739 3176 775 3229 ut
791 3167 997 3230 introuorsus
1013 3176 1046 3229 et
1062 3166 1104 3229 ad
1120 3177 1153 3230 te

270 3281 422 3354 spectent
439 3281 538 3354 atque
554 3272 665 3334 ferant
681 3270 822 3352 uestigia
838 3291 873 3333 se
890 3271 1001 3333 omnia
1018 3291 1135 3352 prosus
1148 3271 1176 3332 ?’

929 3374 1003 3425 Non.
1018 3388 1077 3440 303.
1094 3387 1141 3440 153
1160 3386 1222 3437 402.
1237 3371 1261 3424 6.

248 3527 273 3579 A
288 3536 388 3596 protest
400 3527 504 3595 nquinat
516 3544 552 3578 an
566 3527 722 3595 unsoundecl
735 3525 867 3593 suspicion
881 3526 995 3595 offulae
1005 3526 1171 3595 friendship.

162 3666 235 3743 194.
269 3645 372 3709 nolito
387 3645 447 3708 tibi
463 3665 515 3707 me
532 3644 730 3707 maledicere
746 3664 845 3726 posse
862 3655 988 3726 putare.
1059 3705 1131 3755 Non.
1147 3715 1205 3770 505·
1219 3716 1261 3753 20.
