2926 4232
517 317 709 368 rarxomvs
732 319 887 369 nxarrnx
1210 312 1249 375 81

200 476 386 541 obscuritas
402 476 562 558 temporis
578 476 735 540 facillime
754 485 892 559 tegeret.
939 497 1015 540 cum
1035 497 1115 559 ergo
1131 487 1165 540 et
1187 476 1253 560 ipsi

200 590 334 662 raptum
362 579 532 662 latrocinio
559 580 696 662 pallium
727 580 971 657 detulissemus,
1000 581 1048 644 uti
1077 580 1252 646 occasione

201 683 485 766 opportunissima
507 683 678 766 coepimus
703 693 802 767 atque
827 684 861 746 in
888 685 1033 767 quodam
1060 685 1185 768 angulo
1209 685 1253 749 la-

201 788 322 850 ciniam
350 797 531 850 extremam
558 797 745 863 concutere,
774 787 925 870 siquem
953 788 1041 852 forte
1067 797 1251 871 emptorem

160 922 175 968 5
201 891 361 972 splendor
376 891 479 954 uestis
496 901 611 973 posset
626 891 801 954 adducere.
845 911 906 955 nec
923 891 979 954 diu
995 901 1142 956 moratus
1158 892 1252 956 rusti·

200 1015 260 1058 cus
276 995 409 1077 quidam
427 995 599 1058 familiaris
616 995 719 1058 oculis
736 994 818 1058 meis
834 1015 909 1059 cum
926 995 1118 1060 muliercula
1130 995 1251 1060 comite

201 1099 337 1180 propius
353 1098 492 1162 accessit
505 1119 543 1162 ac
556 1098 747 1180 diligentius
760 1098 970 1162 considerare
983 1099 1117 1182 pallium
1131 1099 1249 1183 coepit.

200 1201 343 1265 inuicem
360 1202 520 1286 Ascyltos
536 1201 647 1266 iniecit
663 1203 979 1286 contemplationem
999 1223 1101 1286 super
1119 1222 1252 1267 umeros

200 1305 315 1369 rustici
333 1305 492 1388 emptoris
511 1326 550 1368 ac
569 1305 678 1370 subito
701 1306 909 1370 exanimatus
933 1306 1099 1372 conticuit.
1146 1326 1185 1370 ac
1208 1327 1251 1372 ne

121 1416 177 1474 ἰο
200 1409 273 1490 ipse
295 1409 428 1491 quidem
452 1409 523 1472 sine
547 1409 657 1492 aliquo
681 1420 772 1473 motu
796 1410 965 1474 hominem
988 1409 1156 1492 conspexi,
1173 1430 1250 1474 nam

200 1513 376 1576 uidebatur
391 1513 445 1576 ille
464 1513 544 1576 mihi
562 1533 646 1588 esse,
664 1515 721 1596 qui
739 1514 885 1578 tunicam
905 1514 938 1578 in
962 1514 1139 1578 solitudine
1161 1514 1251 1578 inue-

200 1626 305 1680 nerat.
352 1617 452 1698 plane
478 1617 506 1680 is
532 1617 605 1699 ipse
628 1627 708 1680 erat.
755 1618 815 1681 sed
838 1639 914 1681 cum
938 1618 1096 1704 Ascyltos
1119 1618 1252 1683 timeret

200 1721 300 1784 fidem
319 1722 498 1798 oculorum,
516 1741 558 1784 ne
577 1721 657 1804 quid
675 1731 801 1785 temere
824 1723 959 1797 laceret,
977 1722 1068 1803 prius
1090 1732 1250 1806 tanquam

200 1835 333 1907 emptor
349 1825 503 1907 proprius
519 1825 659 1889 accessit
675 1825 883 1908 detraxitque
899 1826 1021 1888 umeris
1040 1827 1193 1889 laciniam
1217 1836 1252 1890 et

148 1959 177 2006 15
201 1929 392 2011 diligentius
404 1930 588 2011 temptavit.
660 1949 711 2006 13.
736 1931 877 1993 olusum
890 1931 1045 1994 fortunae
1058 1930 1249 1994 mirabilem.

201 2053 279 2095 nam
295 2033 405 2096 adhuc
421 2044 555 2096 suturae
571 2034 705 2117 quidem
722 2053 789 2097 non
809 2033 964 2097 attulerat
983 2034 1126 2098 rusticus
1148 2035 1252 2098 curio·

201 2157 256 2200 sas
283 2135 411 2213 manus,
436 2137 495 2200 sed
522 2148 681 2221 tanquam
705 2139 849 2202 mendici
872 2137 1014 2220 spolium
1037 2138 1137 2202 etiam
1162 2138 1252 2202 lasti-

201 2241 294 2304 diosc
321 2241 524 2305 uenditabat.
572 2243 731 2327 Ascyltos
759 2253 935 2326 postquam
963 2243 1152 2326 depositum
1176 2263 1251 2307 esse

200 2344 396 2408 inuiolatum
424 2345 506 2408 uidit
537 2355 570 2409 et
600 2367 778 2428 personam
809 2347 986 2411 uendentis
1012 2355 1250 2429 contemptam,

148 2478 178 2510 ω
201 2448 331 2512 seduxit
357 2469 410 2512 me
438 2449 609 2530 paululum
637 2471 657 2512 a
682 2451 780 2513 turba
803 2461 837 2514 et
861 2451 962 2514 ‘scis'
987 2451 1094 2534 inquit
1118 2451 1248 2524 ‘frates

200 2552 339 2616 rediisse
365 2553 407 2616 ad
435 2574 496 2616 nos
522 2555 717 2617 thesaurum
740 2555 783 2618 de
806 2575 872 2637 quo
895 2555 1078 2637 querebar?
1122 2555 1178 2617 illa
1200 2563 1251 2618 est

200 2657 349 2720 tunicula
364 2657 482 2733 adhuc,
500 2667 536 2720 ut
559 2667 708 2740 apparet,
727 2657 860 2721 intactis
883 2658 992 2721 aureis
1016 2658 1122 2740 plena.
1171 2659 1251 2740 quid

200 2780 281 2842 ergo
320 2761 470 2837 facimus,
509 2771 566 2824 aut
603 2782 669 2844 quo
706 2762 775 2825 iure
813 2783 882 2826 rem
920 2771 1068 2826 nostram
1108 2761 1251 2825 uindica-

201 2865 314 2937 mus?’

149 2996 177 3043 25
245 2969 446 3032 exhilaratus
469 2989 534 3051 ego
557 2991 624 3034 non
648 2979 777 3034 tantum
801 2971 879 3053 quia
904 2971 1063 3053 praedam
1085 2970 1249 3046 videbam,

201 3073 260 3136 sed
291 3073 391 3136 etiam
422 3074 510 3155 quod
542 3075 676 3137 lortuna
706 3094 759 3138 me
790 3095 810 3136 a
839 3074 1031 3156 turpissima
1063 3073 1251 3156 suspicione

200 3177 380 3253 dimiserat,
412 3177 533 3259 negavi
565 3177 703 3242 circuitu
739 3179 917 3259 agendum,
951 3179 1011 3241 sed
1047 3179 1146 3260 plane
1180 3178 1250 3240 iure

200 3281 287 3343 civili
314 3281 547 3358 dimicandum,
576 3292 612 3345 ut
639 3283 667 3346 si
694 3283 820 3346 nollent
847 3281 988 3345 alienam
1016 3302 1086 3345 rem
1112 3281 1251 3345 domino

201 3385 348 3460 reddere,
369 3385 411 3447 ad
435 3386 645 3449 interdictum
669 3386 830 3449 uenirent.

149 3515 179 3560 30
247 3508 298 3566 14.
324 3498 440 3552 contra
467 3489 626 3574 Ascyltos
654 3490 745 3571 leges
776 3490 915 3553 timebat
942 3499 975 3553 et
1003 3489 1113 3572 ‘quis'
1142 3489 1252 3552 aiebat

203 3591 284 3654 ‘hoc
300 3593 373 3655 loco
389 3611 449 3654 nos
466 3593 568 3668 nouit,
586 3603 643 3656 aut
662 3594 736 3676 quis
761 3593 896 3656 habebit
920 3593 1105 3656 dicentibus
1129 3593 1251 3656 fidem?

201 3694 282 3758 mihi
312 3696 412 3778 plane
443 3696 554 3778 placet
583 3717 703 3773 emere,
731 3697 883 3779 quamuis
908 3706 1058 3759 nostrum
1085 3695 1136 3772 sit,
1162 3695 1251 3778 quod

280 3809 356 3847 runc.
368 3797 486 3847 sun—6
