2926 4232
526 339 720 390 PETRONIVS
743 339 898 390 ARBITER
1220 349 1259 412 91

211 495 434 577 aggredimur.
482 516 548 559 non
568 496 677 559 minus
693 507 726 560 et
742 497 945 561 Trimalchio
961 498 1123 561 eiusmodi
1140 501 1264 564 metho-

211 599 266 663 dio
290 600 397 663 laetus
422 601 569 682 ‘Carpe’
595 601 709 682 inquit.
757 601 918 683 processit
946 603 1058 665 statim
1086 603 1207 666 scissor
1230 615 1263 667 et

211 704 254 766 ad
278 704 512 788 symphoniam
536 704 754 786 gesticulatus
777 705 823 767 ita
846 706 1005 768 lacerauit
1024 707 1209 783 obsonium,
1227 719 1263 772 ut

211 818 347 889 putares
364 807 569 870 essedarium
587 809 746 892 hydraule
759 819 917 872 cantante
930 830 1090 890 pugnare,
1136 811 1264 893 ingere-

169 940 184 986 5
210 912 269 974 bat
292 911 394 974 nihilo
418 911 528 974 minus
551 911 754 975 Trimalchio
780 912 964 976 lentissima
992 935 1093 977 uoce:
1124 916 1261 997 ‘Carpe

211 1016 342 1096 Carpe.’
398 1035 462 1096 ego
487 1015 676 1096 suspicatus
701 1016 743 1078 ad
769 1016 914 1098 aliquam
942 1017 1164 1081 urbanitatem
1192 1020 1264 1082 toti-

210 1139 271 1182 ens
303 1119 456 1182 iteratam
488 1139 606 1182 uocem
639 1119 815 1200 pertinere,
848 1141 914 1183 non
949 1122 1065 1184 erubui
1097 1143 1172 1185 eum
1207 1124 1263 1206 qui

210 1243 313 1305 supra
334 1243 387 1296 me
408 1223 637 1298 accumbebat,
660 1223 722 1286 hoc
746 1223 855 1305 ipsum
880 1223 1094 1306 interrogare,
1142 1236 1175 1288 at
1199 1227 1261 1302 ille,

210 1327 268 1409 qui
292 1327 426 1408 saepius
451 1326 614 1389 eiusmodi
641 1326 737 1390 ludos
764 1337 985 1408 spectauerat,
1012 1329 1124 1392 ‘uides
1152 1331 1262 1392 illum’

156 1462 186 1494 10
210 1431 317 1512 inquit
342 1430 425 1512 ‘qui
441 1430 616 1516 obsonium
639 1431 764 1512 carpit:
797 1430 929 1512 Carpus
955 1443 1102 1495 uocatur.
1152 1434 1263 1516 itaque

210 1535 473 1617 quotiescunque
504 1533 583 1597 dicit
615 1539 633 1566 “
647 1534 787 1616 Carpe,'’
819 1535 937 1598 eodem
968 1537 1071 1599 uerbo
1102 1547 1136 1599 et
1166 1548 1264 1601 uocat

210 1648 244 1701 et
266 1638 429 1720 imperat'

157 1863 314 1932 Encolpius,
332 1863 431 1934 haviap
448 1863 567 1933 sotisfied
584 1863 624 1917 his
642 1863 762 1933 appetite,
781 1872 836 1934 pets
855 1881 924 1918 some
944 1865 1113 1934 informatioo
1128 1867 1204 1935 from
1224 1869 1263 1920 the

208 1961 284 2021 quest
296 1961 355 2003 nect
367 1951 419 2004 him
431 1953 590 2021 coaceruiup
600 1951 768 2015 Trimalchio,
779 1952 819 2004 his
832 1952 892 2020 wisc
905 1952 1062 2016 Fortunata,
1073 1955 1128 2005 ond
1140 1955 1180 2006 the
1193 1956 1265 2006 other
1321 1946 1323 1949 ⁵

208 2048 302 2108 queste,
317 2055 386 2090 some
403 2039 438 2107 os
450 2040 531 2092 whom
547 2056 594 2092 are
610 2039 666 2091 also
683 2039 738 2091 rich
751 2039 902 2108 freedmen.
944 2039 1104 2093 Trimalchio
1123 2041 1264 2110 interrupta

209 2127 270 2178 with
288 2143 356 2178 some
375 2127 474 2178 urbane
493 2126 627 2178 discourse
645 2127 724 2178 about
742 2127 904 2196 ‘ptitotoqyss
945 2127 1001 2180 The
1020 2137 1079 2180 aest
1098 2146 1188 2182 course
1206 2129 1228 2180 is
1247 2148 1263 2181 a

208 2213 273 2265 wilci
290 2213 361 2276 baar,
378 2214 482 2265 roasted
500 2214 588 2276 whole,
605 2214 660 2265 aad
673 2213 752 2281 filled
770 2213 829 2265 with
849 2214 899 2265 live
917 2215 1041 2277 thratia,
1061 2215 1143 2267 which
1156 2216 1202 2284 fly
1220 2227 1264 2268 out

208 2301 281 2352 when
293 2301 333 2352 the
346 2299 544 2368 huatiap-lcuife
557 2317 635 2368 opens
648 2300 688 2351 the
701 2317 759 2368 way
769 2300 819 2368 for
831 2301 906 2352 them.
943 2301 966 2352 A
984 2302 1113 2370 beautiful
1125 2303 1195 2354 slave
1208 2304 1262 2370 boy,

208 2388 315 2440 dressed
325 2397 348 2438 to
358 2395 489 2456 represent
501 2387 630 2450 Bacchus,
640 2388 725 2438 hands
739 2389 842 2439 arouod
854 2405 956 2456 propes,
968 2390 1022 2440 aad
1034 2389 1107 2457 siuas
1121 2389 1148 2440 ia
1162 2407 1178 2440 a
1192 2391 1264 2442 clear

153 2519 157 2526 .
208 2475 279 2527 voice
288 2492 366 2542 souqs
376 2475 512 2542 composed
524 2475 555 2542 by
565 2473 727 2526 Trimalchio
739 2474 849 2542 himself,
860 2476 915 2526 who
928 2477 1043 2527 rcroards
1056 2477 1107 2527 him
1121 2477 1180 2528 with
1188 2478 1263 2545 free·

208 2563 268 2614 dom
281 2579 314 2614 on
327 2563 368 2614 the
382 2571 448 2630 spot.
487 2561 511 2612 A
530 2569 678 2629 temporary
693 2561 800 2613 absence
815 2562 850 2630 of
863 2563 902 2614 the
917 2563 972 2614 host
986 2562 1056 2632 qiues
1072 2565 1112 2614 the
1126 2574 1211 2631 queste
1227 2582 1261 2616 aa

209 2649 375 2718 opportunity
387 2657 411 2702 to
423 2649 530 2718 indulpe
543 2648 571 2699 ia
583 2665 652 2701 some
664 2665 725 2716 very
738 2649 932 2701 characteristic
945 2651 1140 2702 corruersation:

253 2801 314 2844 nos
341 2781 527 2844 libertatem
552 2779 623 2843 sine
646 2790 789 2865 tyranno
813 2781 903 2845 nacti
926 2782 1097 2863 coepimus
1121 2781 1262 2845 inuitare

209 2885 426 2948 conuiuarum
443 2905 623 2948 sermones.
672 2887 782 2948 Dama
799 2885 910 2967 itaque
928 2885 1054 2966 primus
1074 2907 1148 2948 cum
1173 2896 1263 2968 pata-

157 3019 184 3065 15
209 2989 322 3052 racina
341 2989 559 3071 poposcisset,
578 2989 684 3052 ‘dies'
702 2989 808 3071 inquit
827 2989 923 3051 ‘nihil
943 2999 1003 3052 est.
1051 2990 1128 3052 dum
1148 3011 1262 3053 versas

209 3103 250 3168 te,
276 3114 342 3156 nox
364 3094 408 3156 fit.
456 3094 568 3176 itaque
592 3093 673 3155 nihil
696 3103 747 3155 est
770 3093 897 3168 melius,
920 3113 1020 3175 quam
1045 3094 1085 3156 de
1109 3093 1261 3156 cubiculo

210 3207 300 3260 recta
324 3197 358 3260 in
385 3197 563 3260 triclinium
592 3197 647 3260 ire.
695 3207 728 3260 et
754 3197 914 3259 mundum
941 3197 1048 3278 frigus
1074 3197 1259 3260 habuimus

210 3302 265 3364 uix
288 3322 341 3364 me
364 3302 503 3365 balneus
527 3301 668 3365 calfecit.
715 3311 827 3364 tamen
852 3301 947 3364 calda
972 3301 1063 3382 potio
1087 3301 1262 3364 uestiarius

210 3416 269 3469 est.
287 3449 292 3452 -
317 3406 512 3469 staminatas
529 3406 616 3481 duxi,
634 3415 667 3468 et
685 3405 783 3486 plane
800 3415 909 3467 matus
929 3425 1011 3466 sum.
1060 3405 1158 3467 uinus
1182 3406 1262 3467 mihi

158 3538 186 3570 ω
210 3510 243 3572 in
260 3509 431 3573 cerebrum
449 3510 549 3573 abiit!

253 3633 307 3692 42.
334 3615 465 3695 excepit
489 3615 648 3678 Seleucus
672 3613 805 3675 fabulae
830 3622 959 3694 partem
979 3622 1013 3674 et
1033 3613 1132 3694 ‘ego’
1156 3613 1263 3696 inquit

212 3723 295 3782 ‘non
312 3718 432 3782 cotidie
449 3719 559 3794 lauor;
584 3716 729 3779 baliscus
746 3716 834 3778 enim
850 3717 934 3778 fullo
956 3725 1015 3790 est,
1034 3736 1120 3796 aqua
1143 3715 1262 3778 dentes
