2934 4236
622 340 792 389 Arvmuvs
1203 334 1262 412 169

207 507 369 580 quantum
389 497 530 561 maxime
549 497 656 580 potuit
677 497 849 573 exclamat,
876 499 1039 574 ‘tandem
1064 499 1185 562 ancilla
1208 520 1261 564 ne-

207 601 375 683 quissima,
401 601 568 663 dominam
593 600 717 663 habere
742 610 776 664 te
800 601 883 664 scire
910 602 1073 684 coepisti?
1129 623 1172 665 an
1201 625 1261 685 pro

208 715 317 768 cetera
344 725 472 767 morum
500 713 632 767 tuorum
656 705 842 768 temeritate
866 705 954 769 istud
978 727 1109 789 quoque
1133 708 1261 771 nescire

207 819 240 872 te
262 809 370 890 fingis,
393 818 536 890 quantos
557 808 688 871 labores
707 809 795 872 circa
817 819 892 872 tuas
914 809 1144 893 inquisitiones
1168 812 1262 875 susti-

168 912 399 988 5nuerimus?
456 912 514 975 sed
545 913 630 975 bene
661 912 751 995 quod
782 932 874 976 meas
905 915 1114 996 potissimum
1142 936 1261 982 manus

208 1016 358 1093 incidisti,
391 1026 425 1080 et
454 1016 542 1080 inter
572 1016 653 1080 Orci
680 1037 818 1080 cancros
849 1016 915 1079 iam
946 1017 1037 1100 ipsos
1067 1019 1259 1097 adhaesisti,

208 1121 325 1183 datura
359 1121 483 1184 scilicet
517 1130 665 1183 actutum
700 1130 814 1184 tantae
849 1122 1078 1187 contumaciae
1112 1123 1259 1205 poenas,’

207 1245 239 1304 9.
265 1234 299 1288 et
321 1225 491 1288 audaciter
511 1225 545 1287 in
565 1224 702 1306 capillos
722 1225 792 1288 eius
812 1225 960 1288 immissa
983 1247 1084 1289 manu
1108 1228 1262 1292 trahebat

208 1349 282 1392 eam
312 1349 524 1412 nequaquam
555 1329 762 1392 renitentem.
823 1350 922 1412 quam
954 1330 1011 1392 ubi
1041 1331 1184 1412 primum
1216 1332 1262 1396 in·

155 1463 184 1496 10
208 1433 342 1496 ductam
369 1432 581 1515 oblatamque
609 1432 671 1494 sibi
697 1433 870 1516 conspexit
892 1435 1017 1510 Venus,
1043 1434 1260 1498 laetissimum

208 1536 409 1600 cachinnum
432 1536 568 1613 extollit,
591 1546 625 1599 et
650 1537 782 1619 qualem
807 1537 915 1600 solent
939 1537 1153 1620 frequentare
1177 1539 1260 1616 irati,

208 1651 375 1723 caputque
398 1636 551 1723 quatiens
574 1651 608 1704 et
631 1641 806 1723 ascalpens
830 1661 944 1704 aurem
970 1641 1149 1718 dexteram,
1176 1648 1262 1706 ‘tan-

208 1745 304 1821 dem,’
329 1743 445 1826 inquit,
472 1743 627 1826 ‘dignata
650 1765 686 1807 es
715 1765 846 1808 socrum
874 1755 965 1807 tuam
994 1745 1161 1810 salutare?
1218 1768 1261 1810 an

208 1849 319 1930 potius
342 1848 497 1910 maritum
521 1848 578 1930 qui
600 1858 658 1912 tuo
682 1849 820 1912 uulnere
844 1849 1047 1930 periclitatur
1068 1849 1262 1914 interuisere

156 1983 182 2028 15
208 1952 349 2016 uenisti?
395 1953 454 2016 sed
470 1962 542 2016 esto
558 1973 695 2029 secura;
720 1952 786 2014 iam
810 1953 898 2015 enim
920 1953 1082 2034 excipiam
1101 1964 1134 2018 te
1154 1956 1262 2019 utho

208 2077 285 2118 nam
302 2077 421 2119 nurum
438 2056 619 2119 condecet)
661 2065 703 2132 et,
720 2056 792 2119 ‘ubi
808 2055 905 2132 sunt,'
919 2056 1034 2139 inquit,
1051 2059 1262 2122 ‘Sollicitudo

208 2170 308 2242 atque
338 2160 512 2236 Tristities
541 2159 681 2223 ancillae
712 2158 849 2224 meae?'
897 2161 1016 2242 quibus
1047 2161 1262 2226 introuocatis

208 2265 427 2347 torquendam
444 2265 579 2327 tradidit
595 2285 695 2342 eam„
726 2274 760 2327 at
776 2265 850 2327 illae
871 2275 1049 2347 sequentes
1069 2266 1148 2328 erile
1171 2287 1263 2348 prae-

208 2378 343 2449 ceptum
372 2369 524 2453 Psychen
549 2369 711 2430 misellam
735 2369 875 2449 flagellis
900 2368 1055 2462 afflictam
1083 2379 1116 2432 et
1143 2371 1262 2434 ceteris

156 2505 185 2536 ω
207 2471 380 2534 tormentis
408 2472 628 2535 excruciatam
652 2471 772 2534 iterum
796 2472 949 2534 dominae
973 2473 1168 2554 conspectui
1192 2475 1262 2537 red-

209 2576 300 2638 dunt.

250 2689 331 2744 tunc
358 2701 472 2744 rursus
499 2681 629 2744 sublato
660 2681 728 2744 risu
759 2683 884 2756 Venus,
916 2687 985 2744 ‘set
1012 2679 1111 2758 ecce,’
1144 2681 1259 2765 inquit,

210 2784 323 2846 ‘nobis
349 2785 473 2866 turgidi
499 2785 625 2847 uentris
653 2785 704 2847 sui
731 2785 894 2848 lenocinio
919 2795 1106 2848 commouet
1130 2787 1262 2850 misera-

208 2889 341 2965 tionem,
359 2889 447 2951 unde
463 2909 516 2951 me
533 2889 704 2970 praeclara
723 2888 836 2951 sobole
853 2888 962 2950 auiam
984 2888 1117 2951 beatam
1137 2890 1261 2954 scilicet

156 3021 183 3068 ας
208 2993 317 3055 faciet.
366 2993 445 3055 felix
465 3013 638 3074 ueroeg0,
660 2993 799 3075 quaein
822 2992 895 3073 ipso
920 2993 1038 3054 aetatis
1062 3013 1156 3057 meae
1181 2995 1260 3057 flore

208 3097 353 3160 uocabor
363 3097 446 3159 auia.
487 3106 520 3160 et
530 3097 604 3159 uilis
615 3097 755 3159 ancillae
766 3097 852 3158 filius
865 3116 971 3177 nepos
983 3097 1124 3159 Veneris
1138 3099 1258 3174 audiet,

208 3221 410 3284 quamquam
437 3201 552 3282 inepta
579 3221 642 3282 ego
665 3201 789 3263 frustra
813 3201 915 3263 filium
941 3199 1058 3262 dicam.
1115 3201 1259 3284 impares

208 3305 295 3368 enim
313 3305 457 3387 nuptiae,
475 3315 509 3368 et
525 3315 698 3387 praeterea
714 3305 747 3367 in
764 3304 842 3366 uilla
859 3304 930 3366 sine
949 3304 1091 3367 testibus
1110 3315 1143 3367 et
1165 3316 1259 3388 patre

208 3431 274 3472 non
299 3409 527 3474 consentiente
551 3411 671 3484 factae,
696 3408 864 3490 legitimae
887 3429 954 3470 non
979 3419 1119 3489 possunt
1143 3409 1258 3487 uideri,

154 3543 184 3588 30
208 3533 246 3576 ac
267 3535 327 3596 per
345 3514 408 3577 hoc
430 3513 561 3595 spurius
583 3513 644 3575 iste
666 3521 830 3586 nascetur,
849 3511 877 3573 si
900 3521 1012 3575 tamen
1038 3524 1169 3595 partum
1194 3536 1260 3578 om·

207 3617 286 3681 nino
317 3619 466 3700 perferre
496 3627 530 3680 te
564 3617 748 3698 patiemur.'
828 3635 876 3680 ro.
913 3616 964 3679 his
995 3618 1100 3693 editis,
1133 3619 1259 3683 inuolat

206 3742 281 3785 eam
298 3732 492 3805 uestemque
512 3720 717 3803 plurifariam
738 3719 896 3796 diloricat,
914 3721 1101 3804 capilloque
1120 3722 1258 3786 discisso
