2934 4236
525 298 719 348 rarxoxrvs
742 298 899 347 xnmrsu
1206 305 1265 368 119

210 455 309 531 cauti,
323 466 356 520 et
369 475 451 538 opes
468 455 641 519 fraudibus
657 465 773 538 captas
790 476 850 537 per
862 455 950 518 mille
963 477 1070 519 annos
1086 455 1261 538 disponite.

211 579 333 641 nempe
350 559 403 622 hic
420 559 569 641 proxima
585 559 659 622 luce
675 559 864 642 patrimonii
881 559 932 622 sui
948 560 1092 622 rationes
1110 560 1262 642 inspexit,

211 683 333 744 nempe
349 663 437 726 diem
454 663 563 736 etiam,
576 684 642 745 quo
659 673 820 726 uenturus
836 673 925 726 esset
942 664 974 726 in
990 663 1140 746 patriam,
1152 663 1263 726 animo

211 787 271 830 suo
295 767 372 829 fixit.
419 767 465 829 dii
488 767 647 849 deaeque,
670 787 770 849 quam
794 767 892 847 longe
916 788 936 829 a
958 767 1180 830 destinatione
1203 787 1263 830 sua

171 899 186 946 ς
211 870 305 934 iacet.
353 871 412 933 sed
435 891 502 934 non
519 871 588 933 sola
604 857 799 934 'mortalibus
816 871 919 932 maria
940 872 1026 934 hanc
1048 871 1147 933 fidem
1172 892 1264 953 prae·

212 984 311 1037 stant.
358 974 451 1037 illum
474 975 654 1037 bellantem
679 994 771 1037 arma
794 974 973 1056 decipiunt,
991 975 1081 1037 illum
1104 975 1166 1038 diis
1185 985 1263 1038 uota

211 1078 408 1162 reddentem
436 1078 607 1161 penatium
635 1099 769 1142 suorum
796 1079 892 1141 ruina
918 1079 1044 1161 sepelit.
1094 1079 1147 1142 ille
1175 1079 1264 1142 uehi-

212 1183 287 1245 culo
303 1183 418 1264 lapsus
433 1192 669 1264 properantem
683 1183 835 1263 spiritum
851 1183 1004 1258 excussit,
1019 1183 1112 1246 cibus
1128 1183 1263 1246 auidum

212 1287 443 1367 strangulauit,
461 1286 683 1350 abstinentem
709 1287 894 1368 frugalitas.
942 1287 969 1349 si
992 1288 1078 1350 bene
1100 1287 1263 1351 calculum

160 1421 189 1452 ιο
212 1411 328 1472 ponas,
345 1391 468 1472 ubique
484 1391 697 1472 naufragium
714 1401 773 1454 est.
821 1400 854 1454 at
870 1391 958 1454 enim
975 1391 1129 1454 fluctibus
1145 1392 1264 1456 obruto

212 1515 279 1558 non
311 1495 475 1575 contingit
506 1496 685 1576 sepultura.
731 1505 891 1576 tanquam
917 1495 1055 1570 intersit,
1080 1495 1262 1577 periturum

213 1619 334 1679 corpus
357 1619 443 1680 quae
466 1599 550 1662 ratio
573 1609 756 1673 consumat,
779 1599 866 1679 ignis
890 1620 932 1661 an
956 1599 1076 1661 fluctus
1097 1619 1139 1660 an
1162 1619 1262 1661 mora.

213 1703 369 1785 quicquid
382 1703 511 1778 feceris
525 1703 636 1766 omnia
652 1704 735 1765 haec
753 1704 870 1765 eodem
887 1713 1028 1765 uentura
1045 1713 1130 1766 sunt.
1172 1704 1264 1766 ferae

213 1817 325 1870 tamen
351 1827 473 1889 corpus
499 1807 700 1870 lacerabunt.
747 1818 907 1888 tanquam
933 1807 1049 1869 melius
1075 1807 1162 1888 ignis
1184 1807 1264 1870 acci-

161 1941 189 1986 15
213 1911 298 1991 piat;
332 1911 433 1973 immo
459 1911 545 1974 hanc
571 1931 713 1992 poenam
744 1911 975 1991 grauissimam
1007 1911 1181 1985 credimus
1208 1911 1264 1974 ubi

214 2015 319 2077 seruis
335 2014 515 2078 irascimur.
555 2035 639 2096 quae
656 2035 736 2095 ergo
753 2015 921 2077 dementia
936 2025 996 2090 est,
1014 2015 1125 2078 omnia
1141 2016 1262 2090 facere,

213 2139 255 2182 ne
272 2118 351 2201 quid
368 2119 409 2182 de
426 2118 522 2182 nobis
538 2118 703 2200 relinquat
719 2119 928 2200 sepultura?’

731 2246 748 2280 ἦ

255 2336 289 2390 et
317 2326 457 2390 Licham
484 2325 618 2409 quidem
646 2346 747 2407 rogus
778 2326 919 2390 inimicis
944 2327 1083 2390 collatus
1110 2327 1264 2390 manibus

212 2431 374 2493 adolebat.
426 2431 612 2510 Eumolpus
643 2440 755 2492 autem
786 2431 865 2492 dum
897 2431 1104 2511 epigramma
1134 2441 1264 2494 mortuo

160 2568 188 2599 ω
212 2535 301 2610 facit,
325 2535 439 2598 oculos
463 2534 505 2596 ad
529 2535 746 2597 arcessendos
770 2554 887 2597 sensus
911 2534 1043 2616 longius
1066 2535 1166 2596 mittit

730 2661 747 2696 ἦ

257 2744 331 2807 116.
357 2742 420 2804 hoc
439 2750 574 2823 peracto
598 2741 738 2804 libenter
755 2741 861 2804 officio
878 2742 1079 2805 destinatum
1096 2741 1262 2823 carpimus

211 2846 273 2909 iter
303 2867 342 2909 ac
373 2855 542 2908 momento
573 2845 733 2927 temporis
765 2846 797 2907 in
826 2856 972 2909 montem
1003 2847 1161 2908 sudantes
1188 2867 1263 2908 con-

211 2950 410 3024 scendimus
428 2970 468 3012 ex
484 2970 549 3031 quo
571 2949 660 3012 haud
682 2950 797 3031 procul
820 2950 1009 3030 impositum
1032 2971 1107 3012 arce
1130 2950 1263 3012 sublimi

210 3054 372 3135 oppidum
389 3052 563 3116 cernimus.
604 3073 665 3116 nec
683 3054 772 3135 quod
789 3063 885 3128 esset,
900 3054 1085 3116 sciebamus
1102 3065 1260 3130 errantes,

158 3191 185 3234 25
210 3159 316 3220 donec
333 3177 352 3218 a
368 3157 465 3220 uilico
482 3156 626 3239 quodam
645 3158 791 3221 Crotona
811 3177 884 3219 esse
901 3158 1128 3238 cognouimus‚
1146 3158 1261 3220 urbem

210 3260 474 3343 antiquissimam
493 3270 527 3322 et
546 3260 725 3342 aliquando
744 3261 859 3322 Italiae
880 3261 1029 3342 primam.
1079 3282 1153 3323 cum
1173 3262 1262 3323 dein·

210 3366 251 3428 de
275 3363 468 3446 diligentius
493 3364 750 3444 exploraremus,
777 3364 834 3446 qui
862 3365 1012 3426 homines
1039 3365 1261 3427 inhabitarent

209 3469 318 3532 nobile
353 3469 470 3543 solum,
502 3468 634 3550 quodue
669 3488 776 3548 genus
811 3468 1045 3548 negotiationis
1082 3468 1261 3550 praecipue

209 3574 391 3656 probarent
415 3581 490 3654 post
514 3571 642 3634 attritas
665 3571 760 3634 bellis
784 3572 1014 3654 frequentibus
1036 3593 1126 3653 opes,
1146 3578 1182 3634 ‘o
1202 3573 1259 3634 mi’

156 3710 186 3755 30
209 3677 314 3759 inquit
332 3676 506 3756 ‘hospites
525 3675 552 3737 si
569 3675 794 3756 negotiatores
811 3676 898 3750 estis,
913 3685 1038 3737 mutate
1055 3676 1261 3757 propositum
