2934 4236
200 307 244 371 94
464 301 676 352 rnnouanns
699 303 745 352 or
768 303 893 352 noum
917 304 1043 352 sanna

253 458 386 522 sudauit
402 439 547 541 unquam
565 479 627 522 nec
644 460 766 541 expuit,
785 470 865 542 puto
882 481 958 524 eum
975 462 1086 525 nescio
1106 463 1185 545 quid
1210 464 1308 527 Asia-

253 562 303 624 dis
335 563 500 626 habuisse.
554 574 587 626 et
618 584 717 646 quam
750 565 914 645 benignus
946 566 1140 643 resalutare,
1169 569 1308 631 nomina

253 666 400 729 omnium
428 667 575 742 reddere,
600 677 758 750 tanquam
786 689 873 731 unus
896 668 939 731 de
962 669 1065 732 nobis.
1113 669 1226 753 itaque
1250 672 1307 735 illo

253 767 403 851 tempore
419 790 553 833 annona
569 791 629 852 pro
646 772 715 834 luto
731 781 810 834 erat.
858 793 932 835 asse
949 793 1070 854 panem
1087 795 1186 856 quem
1211 775 1309 838 emis·

216 903 229 950 5
254 893 316 949 seS,
340 894 407 936 non
427 874 592 956 potuisses
616 895 691 938 curn
715 875 819 938 altero
843 876 1011 939 deuorare.
1059 898 1147 941 nunc
1171 879 1307 942 oculum

253 977 389 1040 bublum
412 978 478 1040 uidi
502 979 670 1041 maiorem.
718 979 782 1042 heu
807 980 881 1055 heu,
900 981 1045 1062 quotidie
1070 981 1173 1062 peius.
1222 985 1308 1046 haec

254 1081 383 1145 colonia
410 1092 616 1145 retrouersus
643 1083 762 1146 crescit
788 1093 948 1166 tanquam
979 1085 1063 1148 coda
1093 1085 1196 1148 uituli.
1245 1087 1308 1149 sed

254 1206 356 1267 quare
380 1206 440 1248 nos
464 1186 626 1249 habemus
649 1187 790 1250 aedilem
814 1187 912 1250 trium
934 1189 1135 1264 cauniarum,
1161 1190 1219 1272 qui
1243 1190 1308 1252 sibi

255 1289 380 1352 mauult
401 1310 509 1352 assem
529 1311 629 1373 quam
654 1291 756 1353 uitam
780 1292 952 1354 nostram?
979 1293 1090 1375 itaque
1114 1293 1204 1356 domi
1227 1314 1308 1374 gau-

203 1422 231 1454 10
254 1393 319 1468 det,
338 1394 413 1474 plus
429 1394 462 1455 in
479 1394 532 1456 die
549 1415 759 1457 nummorum
779 1395 908 1477 accipit,
926 1417 1026 1478 quarn
1045 1397 1129 1459 alter
1152 1397 1308 1478 patrimo,-

254 1496 345 1559 nium
369 1497 477 1560 habet.
526 1497 591 1560 iam
619 1498 695 1572 scio,
725 1499 813 1562 unde
841 1499 1007 1580 acceperit
1034 1500 1187 1563 denarios
1216 1502 1307 1564 mille

255 1621 381 1664 aureos.
429 1602 487 1664 sed
507 1601 534 1664 si
555 1622 616 1665 nos
639 1603 749 1665 coleos
773 1603 980 1678 haberemus,
999 1624 1066 1666 non
1089 1614 1218 1666 tantum
1244 1606 1307 1668 sibi

255 1705 410 1786 placeret.
457 1726 545 1768 nunc
568 1707 712 1788 populus
733 1716 784 1769 est
807 1707 896 1770 domi
919 1708 1041 1782 leoneS,
1060 1708 1151 1770 foras
1175 1710 1304 1790 uulpes¹

255 1809 344 1890 quod
360 1810 402 1871 ad
419 1830 471 1872 me
488 1810 615 1885 attinet,
632 1810 697 1872 iam
715 1831 845 1892 pannos
865 1831 956 1873 meos
974 1811 1112 1886 comedi,
1131 1822 1163 1873 et
1183 1813 1209 1874 si
1234 1834 1307 1893 per-

204 1939 230 1985 15
255 1923 387 1976 seuerat
404 1914 486 1976 haec
503 1934 646 1989 annona,
664 1915 794 1977 casulas
811 1935 902 1977 meas
919 1915 1071 1977 uendam.
1119 1916 1198 1997 quid
1216 1917 1306 1978 enim

255 2017 404 2078 futurum
421 2027 480 2092 est,
499 2017 526 2080 si
542 2038 604 2080 nec
620 2017 665 2080 dii
681 2037 742 2080 nec
759 2017 911 2081 homines
928 2019 1025 2080 huius
1043 2019 1191 2080 coloniae
1211 2020 1307 2081 mise-

254 2120 391 2182 rentur?
440 2121 486 2184 ita
509 2142 601 2184 meos
624 2121 798 2196 fruniscar,
821 2131 857 2183 ut
881 2141 944 2202 ego
968 2131 1048 2203 puto
1072 2122 1183 2184 omnia
1207 2123 1262 2184 illa
1286 2145 1306 2184 a

254 2223 363 2286 diibus
391 2225 468 2287 fieri.
521 2245 620 2288 nemo
647 2225 735 2288 enim
763 2225 891 2288 caelum
920 2225 1048 2288 caelum
1077 2235 1180 2306 putat,
1205 2247 1306 2289 nemo

254 2327 411 2390 ieiunium
430 2339 549 2404 seruat,
568 2349 666 2391 nemo
684 2330 799 2391 Iouem
817 2329 874 2410 pili
891 2328 980 2404 facit,
999 2329 1057 2391 sed
1077 2349 1192 2392 omnes
1212 2351 1306 2411 oper-

203 2461 231 2492 ω
253 2431 296 2494 tis
323 2432 426 2495 oculis
453 2432 541 2496 bona
569 2453 628 2495 sua
656 2441 859 2514 computant.
919 2442 1018 2494 antea
1045 2433 1184 2496 stolatae
1211 2433 1306 2496 ibant

254 2535 353 2598 nudis
371 2537 511 2617 pedibus
527 2536 561 2598 in
578 2537 709 2611 cliuum,
729 2536 836 2618 passis
855 2536 992 2617 capillis,
1011 2537 1177 2598 mentibus
1202 2538 1303 2618 puris,

254 2649 287 2702 et
320 2641 434 2702 Iovem
465 2661 586 2722 aquam
617 2640 807 2704 exorabant.
858 2639 969 2722 itaque
1001 2639 1112 2702 statim
1144 2641 1303 2703 urceatim

255 2745 439 2825 plouebat:
470 2754 527 2806 aut
550 2754 628 2807 tunc
653 2754 710 2807 aut
733 2764 923 2826 nunquam:
954 2754 987 2806 et
1011 2763 1127 2806 omnes
1150 2745 1305 2808 redibant

254 2849 310 2910 udi
333 2858 492 2930 tanquam
516 2869 635 2911 mures.
684 2848 795 2930 itaque
819 2847 863 2910 dii
887 2847 990 2928 pedes
1014 2848 1144 2910 lanatos
1168 2848 1302 2924 habent,

202 2981 229 3026 25
254 2952 331 3033 quia
348 2973 408 3015 nos
424 2951 570 3034 religiosi
586 2973 652 3015 non
670 2972 793 3014 sumus.
841 2951 912 3032 agri
928 2951 1038 3015 iacent
1049 2949 1054 2972 ’
1067 2988 1110 2997 -

296 3073 351 3134 45.
379 3062 454 3119 ‘oro
484 3057 533 3118 te'
566 3056 673 3138 inquit
702 3055 830 3118 Echion
856 3055 1069 3118 centonarius
1097 3055 1234 3118 ‘melius
1261 3056 1304 3118 lo-

254 3179 364 3240 quere.
413 3160 541 3222 “modo
565 3159 620 3235 sic,
639 3161 738 3222 modo
762 3160 836 3222 sic’'
855 3159 961 3240 inquit
984 3157 1144 3234 rusticus;
1173 3159 1303 3222 uarium

254 3283 390 3344 porcum
411 3263 608 3344 perdiderat.
657 3265 745 3346 quod
766 3263 863 3324 hodie
887 3283 954 3325 non
977 3272 1037 3337 est,
1055 3281 1129 3325 cras
1152 3263 1231 3326 erit:
1256 3264 1303 3327 sic

254 3366 322 3428 uita
338 3367 488 3430 truditur.
537 3387 603 3428 non
621 3367 826 3430 mehercules
844 3365 950 3447 patria
967 3365 1082 3428 melior
1098 3366 1162 3430 dici
1182 3376 1302 3448 potest,

201 3500 230 3545 30
254 3471 281 3533 si
298 3471 449 3534 homines
466 3471 612 3532 haberet.
660 3471 717 3533 sed
735 3471 861 3532 laborat
878 3471 940 3533 hoc
957 3479 1118 3551 tempore,
1136 3490 1197 3533 nec
1220 3471 1303 3536 haec

254 3575 332 3636 sola.
380 3595 446 3638 non
464 3574 623 3636 debemus
640 3574 771 3636 delicati
791 3593 874 3648 esse,
892 3573 1014 3655 ubique
1040 3574 1168 3636 medius
1191 3575 1304 3638 caelus

254 3687 313 3740 est.
360 3687 395 3739 tu
415 3677 442 3739 si
462 3677 562 3738 aliubi
587 3677 699 3751 fueris,
722 3677 812 3739 dices
836 3677 888 3740 hic
912 3697 1031 3758 porcos
1055 3687 1168 3742 coctos
1191 3678 1304 3741 ambu-
