2926 4232
645 333 772 382 ENNIVS

414 505 674 553 ΠΡΟΤΡΕΠΤΙΚΟΣ
698 510 774 553 SIVE
798 509 1000 556 PRAECEPTA

411 610 463 662 ‘As
476 612 516 663 tlte
528 612 589 680 twiy
603 611 625 663 is
638 613 703 676 bene,
717 614 757 664 ele
770 622 822 665 tree
836 614 857 664 is
870 614 1004 666 inclined!

156 742 209 804 29.
243 721 300 786 irbi
315 723 405 786 uidet
421 723 571 798 auenam,
589 723 700 785 lolium
719 725 867 787 crescere
883 725 969 788 inter
985 723 1138 802 triticum,
1205 784 1208 790 .

243 827 369 909 selegit,
387 827 537 901 secernit,
556 827 674 902 aufert,
693 826 719 889 is
736 848 871 908 operam
888 828 979 892 addit
996 830 1110 893 sedulo

242 931 327 1014 quae
342 940 436 994 tanto
452 929 653 1002 cumstddio
670 931 779 994 seruit.
1014 974 1253 1046 Prisc.1.5021(.
1346 951 1349 959 ·

557 1169 852 1216 HEDVPHAGETICA

287 1275 343 1328 The
355 1275 555 1344 postronomer’s
567 1274 717 1342 dictionary
730 1275 832 1344 offislr,
847 1275 918 1344 aster
930 1276 1125 1330 Arclrestratus.

153 1409 206 1466 30.
240 1389 393 1454 omnibus
409 1389 451 1452 ad
468 1389 629 1470 Clupeam
646 1399 795 1470 praestat
811 1391 952 1453 mustela
968 1391 1103 1454 marina.

239 1513 351 1556 mures
368 1503 446 1556 sunt
461 1492 559 1569 Aeni,
577 1493 685 1574 spissa
701 1503 810 1556 ostrea
825 1494 968 1575 plurima
984 1495 1106 1579 Abydi.

239 1607 290 1661 est
306 1606 425 1679 pecten
444 1597 626 1681 Mitylenae
646 1607 679 1660 et
698 1598 787 1680 apud
805 1598 1010 1662 Charadram
1027 1599 1254 1664 Ambraciam·

248 1711 255 1729 ⁸
326 1721 400 1783 que.

240 1804 419 1868 Brundusii
434 1814 585 1886 sargust:
608 1805 698 1867 hunc
714 1825 856 1886 magnus
872 1805 900 1868 si
915 1805 977 1868 erit
992 1805 1051 1869 tibi
1067 1827 1169 1870 sume.

190 1935 203 1989 ς
238 1909 422 1992 apriculum
440 1908 565 1989 piscem
582 1908 663 1972 scito
680 1909 823 1990 primum
840 1929 914 1972 esse
930 1910 1076 1973 Tarenti.

239 2013 390 2078 Surrenti
405 2013 460 2075 fac
477 2032 568 2074 emas
585 2013 749 2093 helopem,
767 2013 922 2094 glaucum
939 2034 1022 2095 cape
1040 2014 1163 2079 Cumis

237 2117 318 2200 quid
336 2117 479 2192 turdum,
497 2116 666 2192 merulam,
685 2116 902 2193 melanurum,
921 2117 1140 2201 umbramque
1159 2120 1252 2183 mari-

324 2241 402 2283 nam

237 2324 392 2408 praeterii
429 2333 529 2406 atque
565 2344 705 2400 scarum,
737 2324 909 2388 cerebrum
942 2326 1032 2390 Iouis
1063 2347 1171 2410 paene
1202 2348 1252 2391 su·

324 2428 452 2512 premi?

237 2532 389 2597 Nestoris
405 2531 447 2594 ad
466 2531 608 2613 patriam
625 2531 678 2595 hic
694 2532 824 2615 capitur
840 2553 1049 2617 magnusque
1065 2535 1248 2618 bonusque.

172 2663 201 2700 10
235 2637 379 2721 polypus
396 2637 571 2720 Corcyrae,
588 2635 732 2699 caluaria
748 2636 886 2718 pinguia
902 2638 1067 2714 Acarnae,

235 2760 392 2824 purpura,
410 2739 570 2816 muriculi,
588 2759 710 2816 murex,
728 2740 842 2804 dulces
858 2761 990 2823 quoque
1006 2741 1122 2805 echini.

1017 2842 1100 2910 Apul.
1115 2842 1191 2912 May.
1205 2858 1248 2912 39.

588 2983 809 3030 EPICHARMVS

150 3086 203 3141 Tlre
220 3096 282 3157 poet
303 3088 407 3140 dream
428 3087 483 3138 that
503 3087 532 3138 in
553 3087 593 3139 tle
615 3088 693 3140 lower
711 3088 794 3140 world
814 3088 846 3140 le
868 3095 945 3140 meets
967 3088 1007 3140 tlte
1029 3089 1110 3141 slede
1132 3088 1166 3156 of
1181 3087 1249 3157 Epi·

232 3176 363 3238 charmes,
377 3174 432 3228 who
445 3174 572 3242 proceeds
585 3182 609 3227 to
621 3176 743 3242 expound
755 3176 796 3226 tlte
808 3183 900 3242 system
917 3174 952 3243 of
965 3183 1058 3228 nature
1071 3184 1096 3227 to
1108 3175 1161 3227 ltim
1172 3175 1248 3244 from

232 3279 250 3314 a
262 3261 438 3315 rationulistr’o
451 3261 609 3330 stondpoint.

146 3395 199 3454 31.
232 3374 309 3440 nam
326 3376 464 3440 uidebar
480 3375 645 3440 somniare
662 3375 737 3439 med
754 3396 817 3456 ego
834 3396 908 3440 esse
925 3375 1099 3440 mortuum.

917 3477 975 3532 Cic.
989 3477 1081 3530 Acod.
1092 3495 1135 3546 pr.
1150 3479 1187 3530 ll.
1204 3492 1245 3547 52.

558 3568 612 3621 Tlte
623 3569 692 3637 four
704 3569 833 3620 elementa.

143 3651 198 3759 32.
210 3679 327 3765 *aqua
344 3690 441 3756 terra,
460 3680 579 3756 anima,
598 3679 646 3744 sdl
984 3723 1064 3776 Vm·
1078 3721 1115 3774 R·
1130 3721 1166 3772 R,
1182 3723 1204 3774 1¹
1219 3736 1244 3786 4·
