2934 4236
212 289 275 391 178¹
470 313 681 367 innumerus
705 313 750 366 or
774 312 900 366 nonan
925 312 1050 366 sunna

260 477 349 562 quod
365 475 519 539 manibus
535 475 618 538 meis
634 475 824 537 alumnatus
837 473 899 537 sim
911 475 1062 555 prolecto
1076 463 1167 539 scitls
1178 492 1312 554 omnes;

260 569 353 646 cuius
370 581 497 662 primae
513 578 696 642 iuuentutis
712 579 875 642 caloratos
892 577 1037 660 impetus
1053 579 1150 642 freno
1168 581 1312 662 quodam

260 684 486 749 cohercendos
504 682 699 746 existimaui.
747 692 798 745 sat
819 691 870 745 est
892 667 1065 746 cotidianis
1090 703 1165 746 eum
1189 684 1313 747 fabulis

260 790 301 852 ob
314 787 476 852 adulteria
488 796 691 869 cunctasque
703 786 909 869 corruptelas
923 786 1130 850 infamatum.
1166 788 1313 852 tollenda

221 923 234 970 5
259 903 310 956 est
325 893 433 956 omnis
451 891 582 955 occasio
599 900 632 954 et
647 890 775 953 luxuria
799 890 934 972 puerilis
959 891 1164 973 nuptialibus
1187 893 1312 974 pedicis

259 997 434 1078 alliganda.
475 995 621 1078 puellam
634 995 743 1076 elegit,
758 1004 791 1058 et
803 994 994 1076 uirginitate
1008 995 1171 1078 priuauit:
1189 1006 1310 1072 teneat,

259 1101 436 1184 possideat,
454 1099 626 1182 amplexus
647 1100 799 1184 Psychen
817 1119 950 1181 semper
966 1098 1034 1162 suis
1051 1100 1218 1163 amoribus
1242 1121 1312 1182 per-

259 1203 407 1267 fruatur)
455 1214 488 1267 et
508 1204 551 1266 ad
566 1205 734 1267 Venerem
754 1204 885 1266 conlata
906 1203 1003 1279 facie,
1022 1209 1102 1267 ‘nec
1121 1203 1177 1280 tu,’
1195 1204 1309 1286 inquit,

261 1308 350 1384 ‘filia
364 1308 541 1392 quicquam
554 1307 758 1383 contristere,
770 1328 831 1371 nec
845 1307 1022 1390 prosapiae
1034 1317 1147 1371 tantae
1159 1317 1236 1371 tuae
1250 1318 1312 1371 sta-

207 1443 236 1476 10
258 1412 372 1495 tuique
388 1412 429 1475 de
446 1411 655 1475 matrimonio
672 1412 803 1474 mortali
819 1408 956 1475 metuas,
1002 1413 1067 1475 iarn
1084 1413 1161 1476 faxo
1177 1413 1311 1494 nuptias

259 1537 326 1580 non
349 1515 495 1598 impares
519 1515 579 1578 sed
602 1515 767 1597 legitimas
792 1526 825 1578 et
848 1516 911 1578 iuri
933 1516 1021 1580 civili
1047 1515 1230 1598 congruas’
1279 1526 1312 1579 et

259 1620 333 1683 ilico
349 1640 410 1702 per
424 1619 626 1682 Mercurium
642 1619 744 1700 arripi
762 1620 914 1704 Psychen
931 1619 1013 1682 etin
1029 1619 1158 1683 caelum
1175 1620 1312 1702 perduci

259 1723 357 1787 iubet.
405 1733 558 1806 porrecto
577 1723 763 1787 ambrosiae
783 1724 911 1805 poculo,
931 1721 1062 1799 ‘sume’
1081 1723 1196 1805 inquit,
1216 1725 1312 1808 ‘Psy-

259 1829 330 1904 che,
355 1839 388 1891 et
411 1827 604 1890 immortalis
624 1837 714 1891 esto:
739 1848 800 1890 nec
817 1848 975 1910 umquam
999 1827 1203 1908 digredietur
1219 1849 1239 1890 a
1253 1838 1310 1891 tuo

208 1958 234 2004 15
258 1952 346 1994 nexu
363 1932 502 2013 Cupido
521 1931 580 1994 sed
596 1931 679 1995 istae
696 1931 790 1994 uobis
808 1941 905 1994 erunt
921 1941 1103 2013 perpetuae
1120 1930 1276 2014 nuptiae!

303 2053 356 2113 24.
382 2056 444 2098 nec
463 2055 565 2111 mora,
585 2055 661 2098 curn
683 2056 766 2099 cena
787 2035 944 2122 nuptialis
967 2035 1106 2098 affluens
1127 2035 1307 2099 exhibetur.

258 2140 476 2202 accumbebat
503 2160 669 2202 summum
696 2149 805 2202 torum
833 2139 971 2201 maritus
1001 2139 1153 2224 Psychen
1184 2140 1310 2220 gremio

259 2264 319 2306 suo
350 2244 550 2330 complexus.
599 2243 645 2306 sic
672 2252 706 2306 et
736 2264 812 2306 cum
839 2263 900 2306 sua
928 2244 1057 2306 Iunone
1087 2243 1247 2324 Iuppiter,
1272 2264 1310 2306 ac

258 2348 378 2410 deinde
406 2369 466 2431 per
489 2348 638 2412 ordinem
665 2346 727 2410 toti
754 2346 816 2409 dei.
869 2356 948 2410 tunc
976 2347 1133 2428 poculum
1157 2347 1309 2424 nectaris,

205 2482 235 2514 ω
258 2453 347 2534 quod
363 2453 477 2515 uinum
494 2453 630 2516 deorum
647 2461 707 2526 est,
727 2450 801 2514 loui
817 2450 949 2533 quidem
967 2471 1047 2513 suus
1064 2451 1236 2532 pocillator
1257 2451 1310 2514 ille

258 2557 400 2620 rusticus
416 2577 508 2638 puer,
522 2556 641 2620 ceteris
659 2576 738 2619 uero
757 2555 858 2618 Liber
874 2555 1090 2618 ministrabat.
1137 2555 1310 2618 Vulcanus

257 2681 375 2724 cenam
399 2661 563 2743 coquebat
574 2682 588 2737 ;.
607 2659 821 2724 Horae-rosis
838 2668 870 2721 et
887 2659 1005 2721 ceteris
1029 2658 1166 2722 floribus
1190 2679 1310 2742 purpu-

257 2765 376 2827 rabant
407 2765 535 2842 omnia;
576 2764 710 2830 Gratiae
745 2762 949 2845 spargebant
983 2762 1150 2839 balsama;
1191 2765 1310 2826 Musae

159 2851 160 2854 Ἴ
257 2889 339 2932 uoce
356 2889 477 2932 canora
493 2869 728 2950 personabant,
747 2867 871 2948 Apollo
894 2865 1040 2929 cantauit
1063 2865 1106 2928 ad
1129 2866 1308 2944 citharam;

204 3001 232 3047 25
257 2975 374 3037 Venus
390 2973 485 3036 suaui
502 2973 651 3036 Musicae
672 2971 809 3052 suppari
834 2990 952 3051 gressu
975 2971 1147 3032 formonsa
1166 2970 1307 3034 saltauit.

257 3099 378 3141 scaena
395 3077 456 3140 sibi
473 3077 519 3140 sic
536 3077 735 3140 concinnata
752 3084 787 3137 ut
806 3076 925 3138 Musae
942 3074 1075 3157 quidem
1100 3075 1237 3137 chorum
1260 3094 1310 3138 ca-

256 3191 383 3258 nerent,
408 3181 506 3244 tibias
529 3180 659 3242 inflaret
684 3179 832 3263 Satyrus,
858 3187 892 3240 et
916 3177 1074 3241 Paniscus
1098 3177 1140 3240 ad
1164 3177 1308 3240 fistulam

256 3285 388 3349 diceret.
436 3285 482 3348 sic
502 3284 562 3346 rite
583 3283 713 3368 Psyche
733 3268 890 3346 conuenit
911 3281 945 3344 in
967 3298 1102 3344 manum
1123 3281 1307 3363 Cupidinis

255 3399 289 3453 et
312 3388 459 3452 nascitur
482 3387 544 3450 illis
572 3397 702 3450 maturo
734 3394 831 3468 partu
863 3385 929 3448 filia
960 3405 1060 3467 quam
1091 3385 1307 3468 Voluptatem

202 3521 232 3568 30
254 3492 474 3558 nominamus.

433 3723 580 3776 Typography
588 3723 618 3776 by
626 3722 646 3774 J.
658 3721 679 3764 S.
691 3722 787 3773 Cushing
796 3722 816 3763 u
825 3721 872 3770 Co,
883 3721 997 3772 Norwood,
1008 3721 1076 3764 Mass.
