2926 4232
195 339 235 389 22
317 343 319 346 ·
459 334 669 386 furunculis
692 334 736 387 OF
761 337 886 387 uounu
910 331 1044 388 snrlue'

576 492 743 559 Apparently
755 494 919 554 orn-landen,

194 621 249 682 39.
262 602 427 666 *mantica
442 601 592 666 cantheri
608 613 718 664 costas
734 603 899 683 grauitate
917 604 1095 684 premebat.

836 703 937 772 Porph.
953 704 981 756 in
996 706 1065 759 Hor.
1081 705 1139 758 Sal.
1155 709 1178 759 1.
1192 707 1218 758 6.
1238 709 1299 759 106.

551 860 617 912 Anu
629 861 689 912 will
702 861 813 912 carelers
825 862 941 924 ἀνίεσκε,-

193 991 248 1050 4ο.
281 991 380 1053 porro
397 971 547 1032 homines
564 991 717 1052 nequam,
736 972 842 1034 malus
859 983 894 1034 ut
911 973 1096 1055 quartarius
1112 975 1239 1056 cippos,

281 1074 429 1137 collisere
447 1094 563 1136 omnes
1143 1103 1218 1155 Fest.
1234 1106 1296 1171 253¹

364 1260 430 1311 And
443 1261 482 1310 lle
495 1260 670 1328 qusnonomic
684 1260 802 1311 Lucilius
814 1262 902 1312 misses
915 1262 980 1313 table
994 1262 1121 1314 luxuries.

191 1390 246 1449 41.
280 1380 390 1433 ostrea
406 1370 496 1431 nulla
513 1369 585 1444 luit,
599 1390 666 1431 non
683 1391 840 1452 purpura,
854 1372 945 1433 nulla
961 1372 1126 1509 peloris,N
1226 1458 1244 1509 6

1129 1474 1176 1510 on.
1191 1472 1221 1509 21
1247 1475 1295 1526 .5.

191 1545 246 1606 42.
280 1526 435 1608 asparagi
451 1526 550 1601 nulli;
1126 1570 1234 1623 Charis.
1251 1588 1295 1640 55·

191 1703 246 1763 43.
480 1733 486 1745 .
513 1732 519 1745 .
546 1733 551 1745 .
577 1705 654 1745 nam
672 1684 737 1745 mel
753 1684 943 1764 regionibus
959 1685 1022 1747 illis

278 1789 480 1851 incrustatus
496 1787 587 1860 calix,
606 1787 691 1848 rutai
707 1788 810 1848 caulis
827 1789 975 1850 habetur.

850 1889 952 1957 Porph.
968 1889 995 1941 in
1010 1891 1079 1943 Hor.
1096 1891 1154 1942 Sul.
1170 1893 1192 1943 Ι.
1208 1906 1233 1958 3.
1250 1893 1294 1960 56.

191 2051 225 2102 In
237 2053 277 2102 tle
293 2067 384 2103 course
397 2049 432 2117 of
442 2049 634 2102 conversations
648 2067 681 2101 on
694 2050 734 2100 tle
746 2051 871 2118 Journey,
886 2051 995 2114 Accius,
1012 2052 1125 2115 Ennius,
1139 2053 1195 2104 aad
1210 2054 1295 2105 others

641 2153 686 2187 are
700 2137 840 2188 critic-ised.

325 2241 423 2328 [ordo
447 2254 499 2307 est
523 2244 658 2324 ‘tragici
683 2244 767 2306 Acci
791 2245 870 2306 nihil
895 2256 1000 2308 mutat
1026 2247 1213 2309 Lucilius?'
1261 2260 1294 2311 et

278 2351 340 2412 hoc
359 2348 598 2427 interrogatiua
617 2348 723 2426 ligura
742 2369 817 2410 cum
836 2349 939 2410 ironia
958 2351 1101 2431 quadam
1124 2353 1294 2431 pronunti-

277 2454 410 2527 andum,
436 2451 514 2532 quia
537 2471 577 2512 ex
600 2452 765 2512 contrario
790 2452 1051 2532 intellegendum
1077 2464 1134 2516 est.
1189 2456 1293 2518 cornis

276 2566 387 2620 autem
408 2554 553 2617 Lucilius
570 2563 707 2634 propter
723 2555 942 2618 urbanitatem
961 2557 1087 2632 dicitur,
1102 2567 1136 2620 et
1153 2559 1291 2621 ‘mutat’

227 2687 241 2740 5
277 2681 337 2742 pro
351 2680 390 2721 eo
403 2657 492 2741 quod
505 2667 555 2719 est
570 2658 757 2719 ‘emendat’
774 2659 916 2738 positum
930 2671 988 2721 est.
1033 2661 1114 2723 facit
1130 2661 1163 2722 id
1180 2672 1292 2724 autem

278 2763 426 2827 Lucilius
439 2782 513 2824 curn
527 2761 607 2822 alias
620 2771 689 2822 turn
704 2763 756 2822 uel
774 2763 913 2825 maxime
931 2763 962 2824 in
980 2764 1077 2826 tertio
1094 2765 1184 2828 libro.
1227 2787 1293 2829 me-

275 2867 370 2930 minit
387 2876 420 2929 et
435 2865 554 2928 VIIII·
573 2875 605 2926 et
623 2865 663 2926 X·
817 2898 915 2966 Porph.
930 2898 957 2950 in
972 2901 1041 2952 Hor.
1058 2901 1115 2952 Sul.
1131 2902 1153 2952 Ι.
1172 2915 1212 2953 10.
1229 2901 1287 2970 51.]

186 3063 241 3122 44.
254 3045 283 3079 *‘
295 3039 419 3123 sparsis
436 3038 541 3101 hastis
558 3037 666 3119 longis
682 3059 821 3120 campus
839 3040 992 3120 splendet
1009 3051 1042 3102 et
1060 3039 1189 3104 horret'

688 3144 705 3178 *
775 3146 792 3178 ἕ

732 3187 749 3220 ff

763 3279 769 3290 .
795 3278 801 3290 .
828 3279 834 3291 .
861 3231 971 3292 horret
988 3241 1020 3293 et
1036 3232 1133 3310 alget.

951 3332 1025 3384 Seru.
1041 3331 1068 3382 in
1083 3332 1152 3383 Aen.
1165 3335 1216 3385 ΧΙ.
1230 3334 1291 3385 601.
1370 3411 1373 3416 Ι

185 3459 240 3522 45.
274 3439 354 3504 illud
371 3439 413 3502 ad
429 3437 531 3501 incita
546 3457 621 3500 curn
638 3436 724 3498 redit
740 3446 839 3516 atque
856 3436 1115 3499 internecionem
1182 3453 1186 3460 ·

1086 3540 1158 3590 Non.
1177 3555 1206 3590 12
1227 3555 1291 3592 .20.

185 3620 240 3696 46.
276 3614 437 3678 Romanis
453 3613 539 3676 ludis
556 3614 650 3675 forus
667 3611 744 3673 olim
761 3619 897 3673 ornatus
913 3610 1064 3672 lucernis.
1209 3555 1224 3605 3

1087 3714 1159 3764 Non.
1174 3713 1233 3764 206.
1251 3728 1283 3778 14
