2934 4236
215 289 276 367 164
477 299 687 350 FRAGMENTS
709 299 755 350 or
778 299 904 350 nounu
928 300 1053 350 surius

262 456 326 521 isto
342 477 416 520 meo
433 457 559 539 pectori
575 456 755 520 uolentiam
772 457 897 521 scilicet
913 467 1164 540 perpetraturae
1183 460 1315 524 uenitis.

262 562 321 624 sed
343 560 429 637 totis,
453 570 519 636 0‘ro,
543 560 662 623 uestris
686 560 811 624 uiribus
836 561 989 646 Psychen
1013 561 1102 625 illam
1127 563 1315 645 lugitiuam,

262 665 446 741 uolaticam,
465 665 546 726 mihi
569 664 733 746 requirite.
782 684 843 728 nec
869 664 958 728 enim
979 685 1038 728 uos
1061 665 1175 748 utique
1196 667 1317 731 domus

262 790 355 833 meae
375 770 505 832 famosa
524 768 639 831 fabula
660 778 693 831 et
714 788 781 832 non
804 768 937 832 dicendi
957 769 1014 831 filii
1038 769 1103 832 mei
1124 769 1214 834 facta
1235 771 1317 834 latu-

223 875 378 948 5erunt.'
435 884 515 937 tunc
543 873 627 948 illae,
654 872 789 954 ignarae
818 893 903 955 quae
934 883 1029 955 gesta
1061 883 1146 950 sunt,
1176 875 1316 959 palpare

261 979 402 1042 Veneris
418 978 500 1040 iram
517 977 721 1041 saeuientem
735 976 781 1040 sic
794 977 945 1040 adortae:
974 977 1067 1060 ‘quid
1080 977 1154 1053 tale,
1169 977 1314 1055 domina,

261 1083 398 1164 deliquit
419 1093 495 1145 tuus
515 1082 609 1157 illiue,
629 1091 665 1144 ut
688 1081 799 1144 animo
826 1081 990 1162 peruicaci
1015 1081 1203 1162 uoluptates
1227 1081 1316 1144 illius

261 1187 447 1268 impugnes,
462 1197 495 1250 et
511 1206 611 1269 quam
627 1185 681 1249 ille
694 1185 801 1267 diligit
814 1195 849 1247 tu
863 1205 995 1267 quoque
1012 1184 1152 1267 perdere
1169 1185 1316 1267 gestias?

261 1291 349 1372 quod
379 1301 499 1368 autem,
533 1311 675 1366 oramus,
708 1289 762 1352 isti
793 1289 927 1365 crimen,
961 1289 989 1352 si
1019 1290 1149 1371 puellae
1182 1289 1315 1371 lepidae

210 1425 237 1456 ιο
260 1395 400 1458 libenter
417 1395 553 1458 adrisit?
608 1415 650 1457 an
664 1394 798 1476 ignoras
814 1413 890 1457 eum
907 1394 1091 1457 masculum
1108 1403 1142 1457 et
1157 1393 1315 1457 iuuenem

260 1519 342 1574 esse,
368 1500 421 1562 uel
445 1509 533 1562 certe
558 1499 624 1562 iam
652 1508 733 1580 quot
764 1497 807 1560 sit
837 1518 1000 1560 annorum
1031 1497 1132 1560 oblita
1163 1498 1224 1560 es?
1270 1519 1315 1561 an

186 1613 191 1622 ’
261 1605 349 1685 quod
369 1613 511 1666 aetatem
534 1613 644 1685 portat
665 1602 798 1678 bellule,
817 1621 900 1684 puer
920 1601 980 1664 tibi
1004 1621 1136 1683 semper
1159 1601 1315 1666 uidetur?

261 1707 365 1772 mater
393 1717 503 1770 autem
531 1718 575 1782 tu,
601 1716 839 1789 etpraeterea
866 1706 1001 1769 cordata
1033 1705 1158 1781 mulier,
1184 1706 1241 1768 lilii
1265 1707 1315 1770 tui

260 1812 351 1874 lusus
369 1832 502 1892 semper
522 1810 710 1892 explorabis
729 1811 868 1886 curiose,
886 1819 920 1874 et
943 1809 976 1871 in
1000 1829 1040 1873 eo
1064 1809 1223 1872 luxuriem
1248 1811 1315 1872 cul-

209 1943 235 1988 ις
260 1916 363 1997 pabis,
382 1925 414 1978 et
431 1936 561 1978 amores
577 1915 739 1990 reuinces,
757 1924 790 1978 et
809 1924 884 1977 tuas
906 1923 994 1977 artes
1014 1923 1156 1996 tuasque
1177 1914 1314 1978 delicias

260 2019 293 2081 in
317 2021 487 2083 formonso
511 2019 577 2082 filio
604 2019 856 2101 reprehendes?
911 2018 985 2101 quis
1008 2027 1120 2082 autem
1143 2027 1177 2082 te
1201 2018 1312 2094 deum,

260 2124 333 2206 quis
361 2124 533 2186 hominum
560 2124 705 2204 patietur
732 2123 856 2205 passim
885 2122 1059 2204 cupidines
1087 2122 1220 2204 populis
1250 2123 1315 2185 dis-

260 2228 488 2303 seminantem,
514 2248 589 2290 cum
617 2238 694 2290 tuae
721 2229 840 2291 domus
868 2248 998 2292 amores
1022 2247 1134 2291 amare
1157 2247 1313 2291 coerceas

259 2342 292 2395 et
308 2332 462 2394 uitiorum
479 2331 687 2394 muliebrium
704 2332 871 2414 publicam
889 2333 1087 2414 praecludas
1103 2331 1269 2396 officinam
1280 2334 1311 2396 ?’

207 2466 235 2497 ω
259 2436 305 2498 sic
329 2436 403 2499 illae
427 2446 517 2498 metu
545 2436 741 2517 sagittarum
769 2436 954 2518 patrocinio
981 2437 1127 2517 gratioso
1155 2437 1314 2519 Cupidini

259 2540 411 2622 quamuis
438 2540 567 2603 absenti
594 2540 858 2603 blandiebantur.
909 2540 968 2603 sed
992 2542 1109 2604 Venus
1139 2539 1313 2623 indignata

259 2644 394 2707 ridicule
421 2644 555 2707 tractari
581 2664 657 2707 suas
683 2644 819 2706 iniurias
847 2643 1034 2726 praeuersis
1061 2643 1125 2706 illis
1151 2643 1312 2708 altrorsus

259 2748 388 2812 concito
412 2749 518 2830 gradu
542 2748 662 2830 pelago
686 2748 775 2810 uiam
799 2748 952 2831 capessit.

689 3011 799 3075 Lmen
822 3012 883 3078 VI.

305 3185 334 3230 1.
359 3165 485 3228 interea
510 3165 639 3249 Psyche
667 3166 767 3228 uariis
794 3166 979 3230 iactabatur
1002 3167 1213 3245 discursibus,
1239 3168 1311 3232 dies

205 3304 233 3352 ις
258 3280 440 3350 noctesque
464 3269 573 3332 mariti
596 3269 873 3351 uestigationibus
900 3271 1048 3354 inquieta
1071 3271 1191 3349 animo,
1215 3282 1310 3337 tanto

257 3373 408 3456 cupidior
437 3373 557 3436 iratum
588 3375 743 3451 mulcere,
772 3385 806 3438 et
836 3376 864 3438 si
891 3397 958 3439 non
990 3376 1110 3440 uxoriis
1140 3377 1311 3441 blanditiis

257 3478 369 3554 lenire,
403 3487 492 3541 certe
527 3477 700 3541 seruilibus
736 3478 898 3560 precibus„
924 3479 1112 3562 propitiare.
1174 3491 1208 3545 et
1238 3503 1311 3565 pro-

257 3592 372 3666 specto
400 3582 525 3663 templo
553 3583 697 3664 quodam
722 3583 755 3645 in
780 3582 873 3646 ardui
897 3583 1018 3646 montis
1043 3583 1176 3660 uertice,
1203 3586 1310 3649 ‘unde

256 3687 388 3762 autem,’
417 3686 532 3767 inquit,
563 3686 657 3761 ‘scio,
686 3706 729 3748 an
760 3686 832 3750 istic
864 3707 958 3750 meus
985 3687 1086 3769 degat
1113 3687 1308 3752 dominus?'
