2926 4232
656 291 816 340 LVCILIVS

646 465 755 528 Lmun
781 466 825 526 11.

496 587 523 640 1ae
536 588 557 639 is
570 588 682 657 difficul!
696 598 720 640 to
732 589 822 656 proice
836 606 889 657 <ivry
901 607 972 642 inan.

185 721 236 785 15.
269 723 337 768 non
353 701 490 766 laudare
506 703 676 766 hominem
693 723 894 785 quemquam
914 724 1022 788 neque
1042 725 1097 768 mu
1118 706 1229 774 facere
1251 707 1281 768 in

356 827 463 890 quem·
1098 833 1205 887 Charis.
1222 849 1281 901 213.

633 964 743 1028 Lmun
767 965 832 1028 III.

315 1087 463 1176 [Lucilio
487 1090 550 1152 hac
574 1089 674 1152 satira
698 1090 884 1153 aemulatur
909 1091 1080 1166 Horatius,
1101 1091 1162 1154 iter
1186 1113 1280 1154 suum

268 1215 288 1258 a
305 1197 413 1259 Roma
430 1194 643 1258 Brundisium
661 1215 766 1277 usque
786 1194 987 1268 describens,
1008 1196 1097 1278 quod
1119 1205 1151 1258 et
1173 1195 1226 1258 ille
1249 1197 1281 1258 in

153 1366 157 1374 ,
267 1299 365 1363 tertio
388 1299 471 1362 libro
495 1299 594 1374 fecit;
627 1299 735 1381 primo
759 1319 778 1361 a
803 1299 912 1361 Roma
936 1299 1086 1380 Capuam
1112 1321 1226 1382 usque,
1250 1311 1282 1363 et

267 1402 351 1467 inde-
367 1403 490 1466 fretum
514 1401 696 1466 Siciliense.
839 1442 941 1512 Porph.
955 1443 984 1496 m
999 1444 1068 1498 Hor·
1085 1444 1143 1496 Sat.
1158 1445 1181 1497 Ι,
1197 1459 1222 1514 5.
1240 1445 1278 1514 ¹¹]

458 1602 513 1656 Tne
526 1620 616 1656 course
630 1603 665 1672 os
675 1603 715 1656 the
729 1604 867 1673 projected
878 1604 1004 1672 journey.

182 1721 232 1784 16·
668 1767 673 1780 .
702 1767 708 1780 .
734 1767 740 1780 .
765 1728 808 1793 et,
826 1738 928 1799 saepe
945 1718 1034 1800 quod
1050 1728 1128 1781 ante

266 1822 398 1904 optasti,
415 1823 503 1885 freta
522 1822 709 1898 Messanae,
729 1822 860 1904 Regina
876 1823 1012 1886 uidebis

266 1926 407 2003 moenia,
424 1936 495 1990 tum
512 1925 664 2007 Liparas,
684 1926 882 1990 Phacelinae
898 1928 1025 2009 templa
1042 1927 1180 1991 Dianae.

724 2027 829 2082 Probus
842 2045 947 2097 proem.
962 2045 1062 2083 comm.
1078 2029 1106 2081 in
1119 2031 1202 2100 Verg.
1216 2030 1278 2083 Ecl.

359 2197 413 2252 Tire
424 2197 555 2251 distances
568 2215 614 2250 ure
626 2196 758 2267 curesully
770 2198 904 2252 estimoted
910 2199 987 2267 from
999 2218 1015 2252 a
1029 2217 1097 2270 map,

180 2331 232 2392 17.
744 2362 750 2376 .
777 2363 783 2375 .
810 2363 816 2376 .
841 2314 997 2398 uiamque

264 2417 478 2500 degrumabis
493 2417 541 2479 uti
556 2417 674 2480 castris
690 2437 824 2481 mensor
839 2418 921 2482 iacit
936 2405 1023 2482 olim.
1103 2489 1168 2542 Non
1192 2487 1226 2557 ⁶3
1250 2503 1268 2555 4

416 2615 497 2668 From
509 2614 592 2668 Rome
604 2624 628 2668 to
644 2615 748 2684 Capua,
761 2617 851 2669 monce
864 2626 888 2670 to
900 2617 941 2670 the
952 2617 1037 2670 struit.

178 2733 230 2796 18.
598 2779 604 2792 .
695 2731 746 2794 bis
762 2732 863 2814 quina
879 2742 1042 2813 octogena
1060 2732 1187 2797 uidebis

263 2835 435 2911 conmoda,
452 2843 532 2898 tunc
550 2835 667 2916 Capua
683 2835 925 2918 quinquaginta
941 2846 1041 2918 atque
1057 2846 1214 2901 trecenta.

1066 2939 1141 2992 Non.
1156 2938 1217 2991 266.
1233 2939 1276 2992 26.

326 3043 352 3096 A
367 3044 468 3112 homely
480 3043 566 3096 notive
579 3043 614 3113 os
622 3044 742 3096 Bouillae
755 3044 844 3096 makes
853 3044 910 3113 fun
920 3044 971 3113 for
982 3045 1022 3097 tie
1033 3054 1123 3114 party.

177 3179 238 3239 19.¹
261 3158 406 3224 broncus
424 3159 626 3233 Bouillanus,
644 3158 744 3222 dente
761 3159 902 3222 aduerso
918 3159 1064 3223 eminulo
1080 3161 1133 3224 hic
1150 3172 1209 3237 est,

261 3262 453 3327 rhinoceros
470 3264 561 3326 uelut
577 3263 767 3344 Aethiopus
1086 3291 1160 3344 Non,
1176 3304 1219 3361 25·
1231 3304 1274 3358 27,

488 3461 542 3513 The
555 3463 633 3513 ruodo
646 3479 691 3513 ore
705 3461 732 3512 in
745 3479 811 3529 poor
823 3462 963 3524 condition,

174 3595 227 3642 20.
260 3585 433 3660 praeterea
449 3582 548 3640 omne
565 3576 626 3640 iter
642 3586 692 3640 est
709 3577 771 3641 hoc
788 3576 939 3640 iabosum
956 3586 1054 3659 atque
1071 3577 1224 3641 lutosum.

1064 3680 1138 3733 Non.
1152 3679 1213 3750 489.
1232 3693 1272 3733 11.
