2934 4236
595 829 635 891 V.
676 829 867 893 SENECA

406 1015 790 1070 ΑΠΟΚΟΔΟΚΥΝΤΩΣῙΣ
813 1021 888 1070 DIVI
911 1019 1054 1071 cLAvrrrr

180 1190 244 1243 Tris
256 1175 308 1242 sicit
320 1190 348 1242 in
362 1189 528 1259 Menippean
539 1190 652 1259 foedior
665 1208 698 1242 oo
711 1191 751 1242 tlte
764 1191 914 1259 deificatiorr
930 1191 964 1260 of
976 1191 1108 1244 Claudius
1120 1193 1143 1244 ie
1155 1193 1281 1245 doubtleos

231 1279 271 1330 tlte
291 1279 364 1330 work
385 1277 419 1347 of
435 1277 536 1330 Seneca
557 1278 676 1346 referred
698 1286 722 1331 to
743 1278 776 1346 by
794 1277 848 1330 Dio
870 1278 978 1331 Cassius
1000 1296 1029 1331 os
1050 1280 1148 1348 hooioq
1168 1281 1208 1332 tlre
1229 1281 1281 1332 title

230 1367 471 1414 Ἀποκολοκύντωσις
489 1365 565 1434 qiverr
584 1365 604 1416 ir
620 1365 652 1433 by
667 1365 699 1417 ito
717 1366 811 1418 author
824 1383 854 1418 os
871 1383 887 1418 o
904 1375 957 1419 sort
974 1366 1008 1435 os
1022 1369 1198 1416 ἀποθανάτισις
1213 1367 1282 1436 (Dio

231 1451 261 1504 C.
281 1451 342 1504 LX.
362 1451 420 1522 35).
467 1451 494 1504 It
513 1452 536 1504 is
555 1452 658 1504 eviderrt
676 1453 731 1504 ttae
750 1453 790 1505 tlte
811 1453 943 1505 remotive
963 1453 985 1504 is
1005 1462 1048 1506 not
1067 1454 1190 1522 complete
1211 1472 1241 1506 os
1262 1454 1282 1505 it

230 1541 331 1603 stands,
350 1556 366 1592 a
379 1539 453 1608 final
469 1557 591 1608 possode,
611 1539 639 1591 in
658 1539 740 1592 ulrich
759 1540 798 1592 tlte
817 1541 1028 1609 metamorphosis
1046 1541 1100 1594 into
1118 1558 1134 1593 o
1150 1541 1281 1610 pnmplrirr

231 1625 254 1678 r's
266 1627 407 1690 described,
420 1627 518 1697 bovino
530 1627 592 1678 been
604 1627 660 1678 lost.

276 1769 307 1814 1.
333 1750 423 1832 Quid
439 1760 549 1814 actum
569 1751 611 1814 sit
629 1751 770 1814 incaelo
789 1761 866 1814 ante
889 1750 977 1813 diem
1002 1751 1067 1813 III.
1085 1750 1159 1814 idus
1183 1751 1281 1815 Octo-

230 1853 299 1916 bris
315 1875 403 1917 anno
422 1876 520 1931 nou0,
537 1855 630 1918 initio
650 1855 774 1918 saeculi
793 1854 984 1930 felicissimi,
1003 1855 1078 1918 uolo
1102 1855 1281 1918 memoriae

230 1958 370 2021 tradere.
418 1959 499 2022 nihil
517 1979 579 2022 nec
599 1960 752 2023 offensae
775 1980 837 2023 nec
861 1959 987 2041 gratiae
1010 1959 1150 2023 dabitur.
1199 1960 1281 2022 haec

230 2061 277 2125 ita
303 2083 391 2126 uera.
439 2063 467 2126 si
492 2063 567 2146 quis
594 2063 795 2147 quaesiuerit
819 2064 907 2127 unde
935 2063 1047 2138 sciam,
1072 2063 1225 2146 primum,
1253 2063 1281 2126 si

192 2194 206 2242 5
231 2167 376 2243 noluero,
395 2188 461 2230 non
478 2168 697 2249 respondebo
740 2167 814 2250 quis
830 2177 1005 2232 coacturus
1022 2167 1095 2230 est?
1133 2188 1196 2248 ego
1212 2167 1280 2232 scio

231 2273 284 2333 me
308 2270 454 2334 liberum
471 2272 607 2347 factum,
632 2292 672 2334 ex
699 2293 764 2354 quo
792 2292 889 2334 suum
916 2271 1004 2334 diem
1030 2271 1110 2334 obiit
1134 2271 1198 2347 ille,
1223 2271 1280 2354 qui

231 2395 347 2437 uerum
364 2375 578 2458 prouerbium
593 2376 728 2451 fecerat,
747 2385 804 2438 aut
820 2395 933 2456 regem
953 2385 1010 2438 aut
1033 2376 1163 2439 fatuum
1187 2375 1281 2439 nasci

137 2549 141 2554 ,
230 2488 392 2561 oportere.
449 2479 477 2542 si
504 2479 635 2542 libuerit
661 2480 874 2561 respondere,
898 2479 1006 2542 dicam
1031 2480 1118 2562 quod
1144 2479 1223 2541 mihi
1246 2480 1280 2542 in

230 2583 369 2646 buccam
396 2583 533 2647 uenerit.
587 2583 660 2666 quis
688 2605 836 2666 unquam
863 2583 905 2646 ab
932 2583 1088 2646 historico
1119 2584 1280 2651 iuratores

179 2714 207 2748 ιο
230 2687 361 2769 exegit?
406 2697 518 2751 tamen
547 2687 575 2750 si
601 2707 739 2750 necesse
764 2687 865 2750 luerit
891 2697 1060 2751 auctorem
1087 2688 1278 2768 producere,

230 2791 379 2874 quaerito
400 2791 441 2854 ab
461 2791 581 2874 eoqui
606 2791 787 2854 Drusillam
811 2801 945 2855 euntem
969 2791 1002 2854 in
1026 2792 1154 2854 caelum
1178 2791 1279 2855 uidit:

230 2896 317 2958 idem
334 2896 511 2960 Claudium
528 2896 650 2960 uidisse
666 2916 702 2959 se
718 2895 805 2959 dicet
821 2896 883 2959 iter
899 2895 1078 2958 facientem
1100 2901 1183 2958 ‘non
1209 2917 1280 2976 pas-

230 3000 322 3063 sibus
338 3000 473 3082 aequis’
520 3000 601 3064 uelit
618 3000 708 3076 nolit,
726 3020 863 3064 necesse
885 3009 936 3063 est
952 2999 998 3062 illi
1021 2999 1130 3062 omnia
1155 2999 1278 3073 uidere,

230 3125 315 3186 quae
339 3103 372 3166 in
396 3105 489 3168 caelo
514 3116 678 3187 aguntur:
710 3105 845 3186 Appiae
871 3103 945 3166 uiae
972 3113 1104 3167 curator
1128 3113 1188 3177 est,
1214 3123 1279 3185 qua

179 3236 206 3282 15
230 3208 294 3271 scis
310 3218 344 3272 et
359 3209 473 3272 diuum
491 3209 683 3290 Augustum
700 3219 732 3271 et
749 3208 917 3271 Tiberium
936 3209 1112 3272 Caesarem
1134 3207 1174 3268 ad
1199 3207 1279 3269 deos

229 3312 303 3376 isse.
351 3314 439 3376 hunc
457 3313 484 3375 si
500 3313 764 3394 interrogaueris,
783 3313 844 3375 soli
860 3311 1025 3374 narrabit:
1049 3333 1159 3374 coram
1183 3311 1280 3392 pluri-

229 3416 292 3478 bus
317 3437 487 3498 nunquam
515 3417 653 3479 uerbum
682 3417 790 3479 faciet.
838 3436 915 3478 nam
943 3436 983 3478 ex
1008 3436 1073 3497 quo
1099 3415 1132 3476 in
1161 3425 1278 3477 senatu

229 3519 351 3582 iurauit
366 3540 401 3582 se
423 3521 602 3582 Drusillam
624 3520 746 3582 uidisse
765 3522 893 3583 caelum
917 3519 1152 3582 ascendentem
1177 3529 1210 3580 et
1234 3517 1280 3580 illi

229 3642 290 3702 pro
313 3632 382 3685 tam
402 3623 491 3686 bono
511 3625 627 3686 nuntio
644 3645 742 3687 nemo
760 3623 908 3698 credidit,
930 3620 1036 3706 [quod
1053 3619 1189 3710 uiderit]
1210 3642 1279 3684 uer·

707 3738 753 3787 1²3
1250 3749 1252 3753 f
