<?xml version="1.0" encoding="UTF-8"?>
<!DOCTYPE html PUBLIC "-//W3C//DTD XHTML 1.0 Transitional//EN"
    "http://www.w3.org/TR/xhtml1/DTD/xhtml1-transitional.dtd">
<html xmlns="http://www.w3.org/1999/xhtml" xml:lang="en" lang="en">
 <head>
  <title>
</title>
<meta http-equiv="Content-Type" content="text/html;charset=utf-8" />
  <meta name='ocr-system' content='tesseract 3.04.00' />
  <meta name='ocr-capabilities' content='ocr_page ocr_carea ocr_par ocr_line ocrx_word'/>
</head>
<body>
  <div class='ocr_page' id='page_1' title='image "./fragmentsromans01unkngoog_0108.png"; bbox 0 0 2934 4236; ppageno 0'>
   <div class='ocr_carea' id='block_1_1' title="bbox 528 325 1259 380">
    <p class='ocr_par' dir='ltr' id='par_1_1' title="bbox 528 325 1259 380">
     <span class='ocr_line' id='line_1_1' title="bbox 528 325 1259 380; baseline 0.003 -3"><span class='ocrx_word' id='word_1_1' title='bbox 528 325 721 378; x_wconf 85' lang='lat' dir='ltr'>PETRONIVS</span> <span class='ocrx_word' id='word_1_2' title='bbox 744 326 898 376; x_wconf 85' lang='lat' dir='ltr'><strong>ARBITER</strong></span> <span class='ocrx_word' id='word_1_3' title='bbox 1204 330 1259 380; x_wconf 91' lang='lat'>101</span> 
     </span>
    </p>
   </div>
   <div class='ocr_carea' id='block_1_2' title="bbox 173 484 1264 1086">
    <p class='ocr_par' dir='ltr' id='par_1_2' title="bbox 173 484 1264 1086">
     <span class='ocr_line' id='line_1_2' title="bbox 213 484 1262 566; baseline -0.002 -18"><span class='ocrx_word' id='word_1_4' title='bbox 213 491 299 548; x_wconf 86' lang='lat' dir='ltr'>trum</span> <span class='ocrx_word' id='word_1_5' title='bbox 323 484 466 565; x_wconf 89' lang='lat' dir='ltr'>accepit;</span> <span class='ocrx_word' id='word_1_6' title='bbox 496 493 664 566; x_wconf 88' lang='lat' dir='ltr'>‘passeres</span> <span class='ocrx_word' id='word_1_7' title='bbox 687 495 721 547; x_wconf 89' lang='lat' dir='ltr'>et</span> <span class='ocrx_word' id='word_1_8' title='bbox 744 484 979 547; x_wconf 88' lang='lat' dir='ltr'>muscarium&#39;:</span> <span class='ocrx_word' id='word_1_9' title='bbox 1005 505 1104 546; x_wconf 89' lang='lat' dir='ltr'>uuam</span> <span class='ocrx_word' id='word_1_10' title='bbox 1129 505 1262 565; x_wconf 91' lang='lat' dir='ltr'>passam</span> 
     </span>
     <span class='ocr_line' id='line_1_3' title="bbox 212 587 1264 652; baseline 0 -2"><span class='ocrx_word' id='word_1_11' title='bbox 212 598 244 650; x_wconf 91' lang='lat' dir='ltr'>et</span> <span class='ocrx_word' id='word_1_12' title='bbox 266 589 331 650; x_wconf 91' lang='lat' dir='ltr'>mel</span> <span class='ocrx_word' id='word_1_13' title='bbox 350 589 511 652; x_wconf 91' lang='lat' dir='ltr'>Atticum.</span> <span class='ocrx_word' id='word_1_14' title='bbox 561 589 744 652; x_wconf 90' lang='lat' dir='ltr'>‘cenatoria</span> <span class='ocrx_word' id='word_1_15' title='bbox 768 598 801 652; x_wconf 90' lang='lat' dir='ltr'>et</span> <span class='ocrx_word' id='word_1_16' title='bbox 824 588 1003 651; x_wconf 82' lang='lat' dir='ltr'>lorensia&#39;:</span> <span class='ocrx_word' id='word_1_17' title='bbox 1029 587 1138 651; x_wconf 90' lang='lat' dir='ltr'>offlam</span> <span class='ocrx_word' id='word_1_18' title='bbox 1163 599 1196 650; x_wconf 91' lang='lat' dir='ltr'>et</span> <span class='ocrx_word' id='word_1_19' title='bbox 1218 597 1264 650; x_wconf 90' lang='lat' dir='ltr'>ta-</span> 
     </span>
     <span class='ocr_line' id='line_1_4' title="bbox 212 690 1264 774; baseline 0.001 -22"><span class='ocrx_word' id='word_1_20' title='bbox 212 691 307 753; x_wconf 88' lang='lat' dir='ltr'>bulas</span> <span class='ocrx_word' id='word_1_21' title='bbox 331 692 468 774; x_wconf 85' lang='lat' dir='ltr'>accepit.</span> <span class='ocrx_word' id='word_1_22' title='bbox 517 693 650 755; x_wconf 89' lang='lat' dir='ltr'>‘canale</span> <span class='ocrx_word' id='word_1_23' title='bbox 675 701 709 754; x_wconf 92' lang='lat' dir='ltr'>et</span> <span class='ocrx_word' id='word_1_24' title='bbox 736 690 891 774; x_wconf 87' lang='lat' dir='ltr'>pedale’:</span> <span class='ocrx_word' id='word_1_25' title='bbox 923 692 1018 771; x_wconf 89' lang='lat' dir='ltr'>lepus</span> <span class='ocrx_word' id='word_1_26' title='bbox 1042 701 1075 753; x_wconf 95' lang='lat' dir='ltr'>et</span> <span class='ocrx_word' id='word_1_27' title='bbox 1099 692 1189 754; x_wconf 89' lang='lat' dir='ltr'>solea</span> <span class='ocrx_word' id='word_1_28' title='bbox 1212 701 1264 753; x_wconf 88' lang='lat' dir='ltr'>est</span> 
     </span>
     <span class='ocr_line' id='line_1_5' title="bbox 211 794 1263 875; baseline 0.002 -19"><span class='ocrx_word' id='word_1_29' title='bbox 211 797 319 857; x_wconf 88' lang='lat' dir='ltr'>allata.</span> <span class='ocrx_word' id='word_1_30' title='bbox 368 801 546 858; x_wconf 86' lang='lat' dir='ltr'>‘muraena</span> <span class='ocrx_word' id='word_1_31' title='bbox 568 806 602 859; x_wconf 90' lang='lat' dir='ltr'>et</span> <span class='ocrx_word' id='word_1_32' title='bbox 625 796 751 858; x_wconf 88' lang='lat' dir='ltr'>litera’:</span> <span class='ocrx_word' id='word_1_33' title='bbox 776 816 902 858; x_wconf 88' lang='lat' dir='ltr'>murem</span> <span class='ocrx_word' id='word_1_34' title='bbox 926 815 1001 858; x_wconf 91' lang='lat' dir='ltr'>cum</span> <span class='ocrx_word' id='word_1_35' title='bbox 1025 815 1106 857; x_wconf 91' lang='lat' dir='ltr'>rana</span> <span class='ocrx_word' id='word_1_36' title='bbox 1128 794 1263 875; x_wconf 83' lang='lat' dir='ltr'>alligata</span> 
     </span>
     <span class='ocr_line' id='line_1_6' title="bbox 173 898 1263 983; baseline 0.002 -24"><span class='ocrx_word' id='word_1_37' title='bbox 173 927 187 972; x_wconf 85' lang='lat'>5</span> <span class='ocrx_word' id='word_1_38' title='bbox 211 899 405 981; x_wconf 84' lang='lat' dir='ltr'>fascemque</span> <span class='ocrx_word' id='word_1_39' title='bbox 428 900 525 962; x_wconf 88' lang='lat' dir='ltr'>betae</span> <span class='ocrx_word' id='word_1_40' title='bbox 542 898 673 983; x_wconf 87' lang='lat' dir='ltr'>accepit.</span> <span class='ocrx_word' id='word_1_41' title='bbox 721 899 778 961; x_wconf 94' lang='lat' dir='ltr'>diu</span> <span class='ocrx_word' id='word_1_42' title='bbox 801 899 950 962; x_wconf 89' lang='lat' dir='ltr'>risimus:</span> <span class='ocrx_word' id='word_1_43' title='bbox 976 909 1131 962; x_wconf 84' lang='lat' dir='ltr'>sexcenta</span> <span class='ocrx_word' id='word_1_44' title='bbox 1155 899 1263 962; x_wconf 92' lang='lat' dir='ltr'>huius-</span> 
     </span>
     <span class='ocr_line' id='line_1_7' title="bbox 211 1002 1168 1086; baseline 0 -22"><span class='ocrx_word' id='word_1_45' title='bbox 211 1003 302 1065; x_wconf 90' lang='lat' dir='ltr'>modi</span> <span class='ocrx_word' id='word_1_46' title='bbox 318 1003 462 1079; x_wconf 84' lang='lat' dir='ltr'>iuerunt‚</span> <span class='ocrx_word' id='word_1_47' title='bbox 479 1023 564 1086; x_wconf 91' lang='lat' dir='ltr'>quae</span> <span class='ocrx_word' id='word_1_48' title='bbox 580 1003 646 1066; x_wconf 90' lang='lat' dir='ltr'>iam</span> <span class='ocrx_word' id='word_1_49' title='bbox 662 1002 855 1066; x_wconf 87' lang='lat' dir='ltr'>exciderunt</span> <span class='ocrx_word' id='word_1_50' title='bbox 872 1003 1049 1066; x_wconf 87' lang='lat' dir='ltr'>memoriae</span> <span class='ocrx_word' id='word_1_51' title='bbox 1066 1021 1168 1065; x_wconf 90' lang='lat' dir='ltr'>meae.</span> 
     </span>
    </p>
   </div>
   <div class='ocr_carea' id='block_1_3' title="bbox 158 1216 1263 1810">
    <p class='ocr_par' dir='ltr' id='par_1_3' title="bbox 158 1216 1263 1810">
     <span class='ocr_line' id='line_1_8' title="bbox 158 1216 1263 1286; baseline -0.001 -17"><span class='ocrx_word' id='word_1_52' title='bbox 158 1216 283 1285; x_wconf 78' lang='lat' dir='ltr'>Ascyltos</span> <span class='ocrx_word' id='word_1_53' title='bbox 300 1219 355 1270; x_wconf 88' lang='lat' dir='ltr'>and</span> <span class='ocrx_word' id='word_1_54' title='bbox 370 1218 458 1281; x_wconf 86' lang='lat' dir='ltr'>Giton,</span> <span class='ocrx_word' id='word_1_55' title='bbox 471 1219 504 1286; x_wconf 84' lang='lat' dir='ltr'>hy</span> <span class='ocrx_word' id='word_1_56' title='bbox 518 1219 584 1270; x_wconf 87' lang='lat' dir='ltr'>their</span> <span class='ocrx_word' id='word_1_57' title='bbox 597 1218 715 1270; x_wconf 86' lang='lat' dir='ltr'>ill-timed</span> <span class='ocrx_word' id='word_1_58' title='bbox 731 1219 887 1280; x_wconf 86' lang='lat' dir='ltr'>merriment,</span> <span class='ocrx_word' id='word_1_59' title='bbox 902 1235 996 1270; x_wconf 89' lang='lat' dir='ltr'>arouse</span> <span class='ocrx_word' id='word_1_60' title='bbox 1014 1219 1053 1270; x_wconf 87' lang='lat' dir='ltr'>the</span> <span class='ocrx_word' id='word_1_61' title='bbox 1070 1218 1203 1286; x_wconf 76' lang='lat' dir='ltr'>nuperos</span> <span class='ocrx_word' id='word_1_62' title='bbox 1215 1237 1263 1269; x_wconf 87' lang='lat' dir='ltr'>one</span> 
     </span>
     <span class='ocr_line' id='line_1_9' title="bbox 211 1304 1263 1374; baseline 0 -19"><span class='ocrx_word' id='word_1_63' title='bbox 211 1305 246 1373; x_wconf 85' lang='lat' dir='ltr'>os</span> <span class='ocrx_word' id='word_1_64' title='bbox 258 1306 298 1356; x_wconf 89' lang='lat' dir='ltr'>the</span> <span class='ocrx_word' id='word_1_65' title='bbox 314 1314 408 1374; x_wconf 74' lang='lat' dir='ltr'>quasis,</span> <span class='ocrx_word' id='word_1_66' title='bbox 423 1307 477 1358; x_wconf 84' lang='lat' dir='ltr'>roho</span> <span class='ocrx_word' id='word_1_67' title='bbox 494 1306 621 1374; x_wconf 88' lang='lat' dir='ltr'>aphraids</span> <span class='ocrx_word' id='word_1_68' title='bbox 637 1306 703 1358; x_wconf 88' lang='lat' dir='ltr'>them</span> <span class='ocrx_word' id='word_1_69' title='bbox 720 1305 749 1356; x_wconf 90' lang='lat' dir='ltr'>in</span> <span class='ocrx_word' id='word_1_70' title='bbox 766 1305 887 1374; x_wconf 72' lang='lat' dir='ltr'>viyorous</span> <span class='ocrx_word' id='word_1_71' title='bbox 906 1313 990 1356; x_wconf 82' lang='lat' dir='ltr'>lerrns.</span> <span class='ocrx_word' id='word_1_72' title='bbox 1030 1304 1085 1356; x_wconf 84' lang='lat' dir='ltr'>Bul</span> <span class='ocrx_word' id='word_1_73' title='bbox 1104 1304 1263 1356; x_wconf 77' lang='lat' dir='ltr'>Trimalchio</span> 
     </span>
     <span class='ocr_line' id='line_1_10' title="bbox 211 1391 1262 1462; baseline 0 -19"><span class='ocrx_word' id='word_1_74' title='bbox 211 1393 304 1444; x_wconf 85' lang='lat' dir='ltr'>chechs</span> <span class='ocrx_word' id='word_1_75' title='bbox 317 1395 357 1444; x_wconf 86' lang='lat' dir='ltr'>the</span> <span class='ocrx_word' id='word_1_76' title='bbox 371 1393 498 1461; x_wconf 77' lang='lat' dir='ltr'>incipient</span> <span class='ocrx_word' id='word_1_77' title='bbox 512 1393 627 1462; x_wconf 73' lang='lat' dir='ltr'>quaneh,</span> <span class='ocrx_word' id='word_1_78' title='bbox 641 1394 696 1444; x_wconf 85' lang='lat' dir='ltr'>aad</span> <span class='ocrx_word' id='word_1_79' title='bbox 712 1393 860 1445; x_wconf 72' lang='lat' dir='ltr'>introduces</span> <span class='ocrx_word' id='word_1_80' title='bbox 877 1393 982 1444; x_wconf 90' lang='lat' dir='ltr'>reciters</span> <span class='ocrx_word' id='word_1_81' title='bbox 997 1392 1032 1460; x_wconf 90' lang='lat' dir='ltr'>os</span> <span class='ocrx_word' id='word_1_82' title='bbox 1044 1391 1150 1454; x_wconf 87' lang='lat' dir='ltr'>Homer,</span> <span class='ocrx_word' id='word_1_83' title='bbox 1163 1409 1211 1444; x_wconf 90' lang='lat' dir='ltr'>one</span> <span class='ocrx_word' id='word_1_84' title='bbox 1229 1393 1262 1460; x_wconf 90' lang='lat' dir='ltr'>⁰s</span> 
     </span>
     <span class='ocr_line' id='line_1_11' title="bbox 210 1479 1262 1554; baseline 0.001 -24"><span class='ocrx_word' id='word_1_85' title='bbox 210 1480 291 1530; x_wconf 80' lang='lat' dir='ltr'>whom</span> <span class='ocrx_word' id='word_1_86' title='bbox 305 1480 384 1547; x_wconf 81' lang='lat' dir='ltr'>plays</span> <span class='ocrx_word' id='word_1_87' title='bbox 397 1481 437 1531; x_wconf 88' lang='lat' dir='ltr'>the</span> <span class='ocrx_word' id='word_1_88' title='bbox 449 1481 510 1531; x_wconf 80' lang='lat' dir='ltr'>macl</span> <span class='ocrx_word' id='word_1_89' title='bbox 525 1479 548 1530; x_wconf 84' lang='lat' dir='ltr'><em>A</em></span> <span class='ocrx_word' id='word_1_90' title='bbox 548 1481 602 1548; x_wconf 81' lang='lat' dir='ltr'>joa</span> <span class='ocrx_word' id='word_1_91' title='bbox 614 1479 643 1554; x_wconf 82' lang='lat' dir='ltr'>ln</span> <span class='ocrx_word' id='word_1_92' title='bbox 656 1479 772 1532; x_wconf 78' lang='lat' dir='ltr'>realistis</span> <span class='ocrx_word' id='word_1_93' title='bbox 783 1479 904 1549; x_wconf 86' lang='lat' dir='ltr'>fashion.</span> <span class='ocrx_word' id='word_1_94' title='bbox 942 1479 1033 1530; x_wconf 82' lang='lat' dir='ltr'>Fruils</span> <span class='ocrx_word' id='word_1_95' title='bbox 1050 1480 1105 1531; x_wconf 88' lang='lat' dir='ltr'>and</span> <span class='ocrx_word' id='word_1_96' title='bbox 1121 1479 1200 1530; x_wconf 77' lang='lat' dir='ltr'>coloes</span> <span class='ocrx_word' id='word_1_97' title='bbox 1216 1496 1262 1531; x_wconf 87' lang='lat' dir='ltr'>are</span> 
     </span>
     <span class='ocr_line' id='line_1_12' title="bbox 210 1566 1263 1636; baseline 0.001 -20"><span class='ocrx_word' id='word_1_98' title='bbox 210 1568 308 1628; x_wconf 83' lang='lat' dir='ltr'>serrecl,</span> <span class='ocrx_word' id='word_1_99' title='bbox 325 1568 380 1618; x_wconf 87' lang='lat' dir='ltr'>and</span> <span class='ocrx_word' id='word_1_100' title='bbox 397 1568 455 1618; x_wconf 89' lang='lat' dir='ltr'>then</span> <span class='ocrx_word' id='word_1_101' title='bbox 472 1585 520 1618; x_wconf 91' lang='lat' dir='ltr'>one</span> <span class='ocrx_word' id='word_1_102' title='bbox 537 1567 572 1636; x_wconf 83' lang='lat' dir='ltr'>os</span> <span class='ocrx_word' id='word_1_103' title='bbox 584 1567 625 1618; x_wconf 84' lang='lat' dir='ltr'>the</span> <span class='ocrx_word' id='word_1_104' title='bbox 642 1575 737 1636; x_wconf 75' lang='lat' dir='ltr'>quests,</span> <span class='ocrx_word' id='word_1_105' title='bbox 754 1566 874 1629; x_wconf 85' lang='lat' dir='ltr'>Niceros,</span> <span class='ocrx_word' id='word_1_106' title='bbox 892 1567 947 1618; x_wconf 83' lang='lat' dir='ltr'>tells</span> <span class='ocrx_word' id='word_1_107' title='bbox 966 1583 983 1617; x_wconf 90' lang='lat' dir='ltr'>a</span> <span class='ocrx_word' id='word_1_108' title='bbox 1001 1575 1071 1634; x_wconf 75' lang='lat' dir='ltr'>story</span> <span class='ocrx_word' id='word_1_109' title='bbox 1085 1566 1120 1634; x_wconf 86' lang='lat' dir='ltr'>os</span> <span class='ocrx_word' id='word_1_110' title='bbox 1132 1584 1149 1618; x_wconf 88' lang='lat' dir='ltr'>a</span> <span class='ocrx_word' id='word_1_111' title='bbox 1166 1566 1263 1618; x_wconf 81' lang='lat' dir='ltr'>soldier</span> 
     </span>
     <span class='ocr_line' id='line_1_13' title="bbox 210 1653 1261 1722; baseline 0 -18"><span class='ocrx_word' id='word_1_112' title='bbox 210 1654 266 1705; x_wconf 86' lang='lat' dir='ltr'>who</span> <span class='ocrx_word' id='word_1_113' title='bbox 283 1655 402 1722; x_wconf 70' lang='lat' dir='ltr'>chanped</span> <span class='ocrx_word' id='word_1_114' title='bbox 420 1653 530 1722; x_wconf 75' lang='lat' dir='ltr'>himself</span> <span class='ocrx_word' id='word_1_115' title='bbox 542 1654 595 1706; x_wconf 87' lang='lat' dir='ltr'>into</span> <span class='ocrx_word' id='word_1_116' title='bbox 612 1671 629 1705; x_wconf 89' lang='lat' dir='ltr'>a</span> <span class='ocrx_word' id='word_1_117' title='bbox 646 1654 715 1722; x_wconf 81' lang='lat' dir='ltr'>mols,</span> <span class='ocrx_word' id='word_1_118' title='bbox 730 1655 785 1706; x_wconf 86' lang='lat' dir='ltr'>ond</span> <span class='ocrx_word' id='word_1_119' title='bbox 801 1653 960 1706; x_wconf 80' lang='lat' dir='ltr'>Trimalchio</span> <span class='ocrx_word' id='word_1_120' title='bbox 973 1653 1079 1722; x_wconf 86' lang='lat' dir='ltr'>follows</span> <span class='ocrx_word' id='word_1_121' title='bbox 1097 1653 1155 1704; x_wconf 86' lang='lat' dir='ltr'>with</span> <span class='ocrx_word' id='word_1_122' title='bbox 1174 1671 1191 1705; x_wconf 88' lang='lat' dir='ltr'>a</span> <span class='ocrx_word' id='word_1_123' title='bbox 1209 1655 1261 1705; x_wconf 86' lang='lat' dir='ltr'>tole</span> 
     </span>
     <span class='ocr_line' id='line_1_14' title="bbox 210 1740 1263 1810; baseline 0 -18"><span class='ocrx_word' id='word_1_124' title='bbox 210 1741 246 1808; x_wconf 89' lang='lat' dir='ltr'>os</span> <span class='ocrx_word' id='word_1_125' title='bbox 257 1740 366 1810; x_wconf 85' lang='lat' dir='ltr'>strigae.</span> <span class='ocrx_word' id='word_1_126' title='bbox 405 1741 519 1793; x_wconf 89' lang='lat' dir='ltr'>Further</span> <span class='ocrx_word' id='word_1_127' title='bbox 533 1741 703 1810; x_wconf 72' lang='lat' dir='ltr'>story-tellinp</span> <span class='ocrx_word' id='word_1_128' title='bbox 718 1741 741 1792; x_wconf 93' lang='lat' dir='ltr'>is</span> <span class='ocrx_word' id='word_1_129' title='bbox 757 1743 914 1810; x_wconf 78' lang='lat' dir='ltr'>supersederi</span> <span class='ocrx_word' id='word_1_130' title='bbox 930 1741 1012 1809; x_wconf 84' lang='lat' dir='ltr'>hyan</span> <span class='ocrx_word' id='word_1_131' title='bbox 1029 1740 1183 1808; x_wconf 81' lang='lat' dir='ltr'>impromptu</span> <span class='ocrx_word' id='word_1_132' title='bbox 1202 1742 1263 1809; x_wconf 75' lang='lat' dir='ltr'>doq-</span> 
     </span>
    </p>
   </div>
   <div class='ocr_carea' id='block_1_4' title="bbox 157 1827 1261 3784">
    <p class='ocr_par' dir='ltr' id='par_1_4' title="bbox 208 1827 297 1896">
     <span class='ocr_line' id='line_1_15' title="bbox 208 1827 297 1896; baseline 0 -18"><span class='ocrx_word' id='word_1_133' title='bbox 208 1827 297 1896; x_wconf 77' lang='lat' dir='ltr'>Jiyhl:</span> 
     </span>
    </p>

    <p class='ocr_par' dir='ltr' id='par_1_5' title="bbox 209 1937 1261 2228">
     <span class='ocr_line' id='line_1_16' title="bbox 254 1937 1261 2020; baseline -0.002 -19"><span class='ocrx_word' id='word_1_134' title='bbox 254 1939 308 2002; x_wconf 89' lang='lat'>61.</span> <span class='ocrx_word' id='word_1_135' title='bbox 334 1947 511 2020; x_wconf 87' lang='lat' dir='ltr'>postquam</span> <span class='ocrx_word' id='word_1_136' title='bbox 534 1957 614 2018; x_wconf 87' lang='lat' dir='ltr'>ergo</span> <span class='ocrx_word' id='word_1_137' title='bbox 636 1957 753 2001; x_wconf 92' lang='lat' dir='ltr'>omnes</span> <span class='ocrx_word' id='word_1_138' title='bbox 771 1937 893 2000; x_wconf 91' lang='lat' dir='ltr'>bonam</span> <span class='ocrx_word' id='word_1_139' title='bbox 911 1947 1056 2000; x_wconf 90' lang='lat' dir='ltr'>mentem</span> <span class='ocrx_word' id='word_1_140' title='bbox 1072 1937 1261 2020; x_wconf 90' lang='lat' dir='ltr'>bonamque</span> 
     </span>
     <span class='ocr_line' id='line_1_17' title="bbox 209 2041 1260 2123; baseline 0.001 -21"><span class='ocrx_word' id='word_1_141' title='bbox 209 2041 427 2104; x_wconf 90' lang='lat' dir='ltr'>ualitudinem</span> <span class='ocrx_word' id='word_1_142' title='bbox 461 2041 524 2104; x_wconf 92' lang='lat' dir='ltr'>sibi</span> <span class='ocrx_word' id='word_1_143' title='bbox 557 2051 724 2123; x_wconf 89' lang='lat' dir='ltr'>optarunt,</span> <span class='ocrx_word' id='word_1_144' title='bbox 756 2041 959 2104; x_wconf 90' lang='lat' dir='ltr'>Trimalchio</span> <span class='ocrx_word' id='word_1_145' title='bbox 993 2042 1036 2104; x_wconf 89' lang='lat' dir='ltr'>ad</span> <span class='ocrx_word' id='word_1_146' title='bbox 1070 2041 1260 2104; x_wconf 88' lang='lat' dir='ltr'>Nicerotem</span> 
     </span>
     <span class='ocr_line' id='line_1_18' title="bbox 209 2144 1259 2228; baseline 0.001 -21"><span class='ocrx_word' id='word_1_147' title='bbox 209 2145 355 2226; x_wconf 89' lang='lat' dir='ltr'>respexit</span> <span class='ocrx_word' id='word_1_148' title='bbox 379 2155 412 2207; x_wconf 91' lang='lat' dir='ltr'>et</span> <span class='ocrx_word' id='word_1_149' title='bbox 436 2145 603 2208; x_wconf 87' lang='lat' dir='ltr'>‘solebas&#39;</span> <span class='ocrx_word' id='word_1_150' title='bbox 628 2146 735 2228; x_wconf 90' lang='lat' dir='ltr'>inquit</span> <span class='ocrx_word' id='word_1_151' title='bbox 759 2145 912 2208; x_wconf 88' lang='lat' dir='ltr'>‘suauius</span> <span class='ocrx_word' id='word_1_152' title='bbox 936 2165 1010 2208; x_wconf 90' lang='lat' dir='ltr'>esse</span> <span class='ocrx_word' id='word_1_153' title='bbox 1031 2144 1064 2207; x_wconf 93' lang='lat' dir='ltr'>in</span> <span class='ocrx_word' id='word_1_154' title='bbox 1086 2145 1259 2221; x_wconf 89' lang='lat' dir='ltr'>conuictu;</span> 
     </span>
    </p>

    <p class='ocr_par' dir='ltr' id='par_1_6' title="bbox 158 2249 1260 2746">
     <span class='ocr_line' id='line_1_19' title="bbox 158 2249 1259 2330; baseline 0 -20"><span class='ocrx_word' id='word_1_155' title='bbox 158 2279 185 2312; x_wconf 90' lang='lat'>10</span> <span class='ocrx_word' id='word_1_156' title='bbox 209 2249 323 2312; x_wconf 91' lang='lat' dir='ltr'>nescio</span> <span class='ocrx_word' id='word_1_157' title='bbox 347 2249 426 2330; x_wconf 90' lang='lat' dir='ltr'>quid</span> <span class='ocrx_word' id='word_1_158' title='bbox 449 2269 538 2312; x_wconf 91' lang='lat' dir='ltr'>nunc</span> <span class='ocrx_word' id='word_1_159' title='bbox 562 2259 653 2312; x_wconf 91' lang='lat' dir='ltr'>taces</span> <span class='ocrx_word' id='word_1_160' title='bbox 677 2269 739 2312; x_wconf 89' lang='lat' dir='ltr'>nec</span> <span class='ocrx_word' id='word_1_161' title='bbox 761 2249 884 2312; x_wconf 92' lang='lat' dir='ltr'>muttis.</span> <span class='ocrx_word' id='word_1_162' title='bbox 931 2270 989 2312; x_wconf 94' lang='lat' dir='ltr'>oro</span> <span class='ocrx_word' id='word_1_163' title='bbox 1004 2259 1047 2325; x_wconf 90' lang='lat' dir='ltr'>te,</span> <span class='ocrx_word' id='word_1_164' title='bbox 1066 2249 1112 2312; x_wconf 91' lang='lat' dir='ltr'>sic</span> <span class='ocrx_word' id='word_1_165' title='bbox 1128 2249 1259 2312; x_wconf 83' lang='lat' dir='ltr'>felicem</span> 
     </span>
     <span class='ocr_line' id='line_1_20' title="bbox 209 2353 1260 2434; baseline -0.001 -19"><span class='ocrx_word' id='word_1_166' title='bbox 209 2373 263 2415; x_wconf 90' lang='lat' dir='ltr'>me</span> <span class='ocrx_word' id='word_1_167' title='bbox 290 2353 414 2428; x_wconf 89' lang='lat' dir='ltr'>uideas,</span> <span class='ocrx_word' id='word_1_168' title='bbox 439 2373 539 2414; x_wconf 86' lang='lat' dir='ltr'>narra</span> <span class='ocrx_word' id='word_1_169' title='bbox 565 2353 645 2415; x_wconf 93' lang='lat' dir='ltr'>illud</span> <span class='ocrx_word' id='word_1_170' title='bbox 668 2353 757 2434; x_wconf 94' lang='lat' dir='ltr'>quod</span> <span class='ocrx_word' id='word_1_171' title='bbox 784 2353 844 2415; x_wconf 91' lang='lat' dir='ltr'>tibi</span> <span class='ocrx_word' id='word_1_172' title='bbox 870 2374 932 2416; x_wconf 94' lang='lat' dir='ltr'>usu</span> <span class='ocrx_word' id='word_1_173' title='bbox 960 2353 1072 2416; x_wconf 86' lang='lat' dir='ltr'>uenit’</span> <span class='ocrx_word' id='word_1_174' title='bbox 1120 2353 1260 2415; x_wconf 89' lang='lat' dir='ltr'>Niceros</span> 
     </span>
     <span class='ocr_line' id='line_1_21' title="bbox 209 2455 1259 2538; baseline -0.002 -18"><span class='ocrx_word' id='word_1_175' title='bbox 209 2458 395 2520; x_wconf 90' lang='lat' dir='ltr'>delectatus</span> <span class='ocrx_word' id='word_1_176' title='bbox 418 2457 614 2520; x_wconf 85' lang='lat' dir='ltr'>affabilitate</span> <span class='ocrx_word' id='word_1_177' title='bbox 638 2456 735 2520; x_wconf 90' lang='lat' dir='ltr'>amici</span> <span class='ocrx_word' id='word_1_178' title='bbox 755 2463 871 2520; x_wconf 91' lang='lat' dir='ltr'>‘omne</span> <span class='ocrx_word' id='word_1_179' title='bbox 895 2455 965 2519; x_wconf 91' lang='lat' dir='ltr'>me&#39;</span> <span class='ocrx_word' id='word_1_180' title='bbox 987 2456 1094 2538; x_wconf 92' lang='lat' dir='ltr'>inquit</span> <span class='ocrx_word' id='word_1_181' title='bbox 1114 2457 1259 2520; x_wconf 87' lang='lat' dir='ltr'>‘lucrum</span> 
     </span>
     <span class='ocr_line' id='line_1_22' title="bbox 209 2560 1260 2642; baseline 0 -18"><span class='ocrx_word' id='word_1_182' title='bbox 209 2571 366 2636; x_wconf 88' lang='lat' dir='ltr'>transeat,</span> <span class='ocrx_word' id='word_1_183' title='bbox 391 2561 455 2624; x_wconf 92' lang='lat' dir='ltr'>nisi</span> <span class='ocrx_word' id='word_1_184' title='bbox 478 2561 543 2623; x_wconf 91' lang='lat' dir='ltr'>iam</span> <span class='ocrx_word' id='word_1_185' title='bbox 567 2560 692 2623; x_wconf 90' lang='lat' dir='ltr'>dudum</span> <span class='ocrx_word' id='word_1_186' title='bbox 718 2560 933 2642; x_wconf 89' lang='lat' dir='ltr'>gaudimonio</span> <span class='ocrx_word' id='word_1_187' title='bbox 958 2560 1092 2634; x_wconf 91' lang='lat' dir='ltr'>dissili0‚</span> <span class='ocrx_word' id='word_1_188' title='bbox 1113 2561 1202 2642; x_wconf 94' lang='lat' dir='ltr'>quod</span> <span class='ocrx_word' id='word_1_189' title='bbox 1227 2571 1260 2624; x_wconf 87' lang='lat' dir='ltr'>te</span> 
     </span>
     <span class='ocr_line' id='line_1_23' title="bbox 209 2664 1259 2746; baseline -0.001 -18"><span class='ocrx_word' id='word_1_190' title='bbox 209 2667 309 2728; x_wconf 90' lang='lat' dir='ltr'>talem</span> <span class='ocrx_word' id='word_1_191' title='bbox 334 2665 441 2728; x_wconf 90' lang='lat' dir='ltr'>uideo.</span> <span class='ocrx_word' id='word_1_192' title='bbox 488 2665 599 2746; x_wconf 89' lang='lat' dir='ltr'>itaque</span> <span class='ocrx_word' id='word_1_193' title='bbox 624 2664 740 2727; x_wconf 91' lang='lat' dir='ltr'>hilaria</span> <span class='ocrx_word' id='word_1_194' title='bbox 763 2685 855 2727; x_wconf 93' lang='lat' dir='ltr'>mera</span> <span class='ocrx_word' id='word_1_195' title='bbox 879 2664 954 2739; x_wconf 92' lang='lat' dir='ltr'>sint,</span> <span class='ocrx_word' id='word_1_196' title='bbox 972 2664 1035 2726; x_wconf 92' lang='lat' dir='ltr'>etsi</span> <span class='ocrx_word' id='word_1_197' title='bbox 1057 2664 1158 2726; x_wconf 90' lang='lat' dir='ltr'>timeo</span> <span class='ocrx_word' id='word_1_198' title='bbox 1179 2664 1259 2727; x_wconf 92' lang='lat' dir='ltr'>istos</span> 
     </span>
    </p>

    <p class='ocr_par' dir='ltr' id='par_1_7' title="bbox 158 2768 1259 3144">
     <span class='ocr_line' id='line_1_24' title="bbox 158 2768 1258 2845; baseline -0.003 -13"><span class='ocrx_word' id='word_1_199' title='bbox 158 2799 184 2845; x_wconf 70' lang='grc' dir='ltr'>ις</span> <span class='ocrx_word' id='word_1_200' title='bbox 210 2769 435 2844; x_wconf 75' lang='lat' dir='ltr'>scholasticos</span> <span class='ocrx_word' id='word_1_201' title='bbox 453 2789 496 2832; x_wconf 91' lang='lat' dir='ltr'>ne</span> <span class='ocrx_word' id='word_1_202' title='bbox 515 2789 568 2831; x_wconf 90' lang='lat' dir='ltr'>me</span> <span class='ocrx_word' id='word_1_203' title='bbox 587 2768 726 2831; x_wconf 88' lang='lat' dir='ltr'>rideant.</span> <span class='ocrx_word' id='word_1_204' title='bbox 773 2768 936 2830; x_wconf 87' lang='lat' dir='ltr'>uiderint:</span> <span class='ocrx_word' id='word_1_205' title='bbox 962 2768 1104 2830; x_wconf 92' lang='lat' dir='ltr'>narrabo</span> <span class='ocrx_word' id='word_1_206' title='bbox 1126 2777 1258 2844; x_wconf 91' lang='lat' dir='ltr'>tamen;</span> 
     </span>
     <span class='ocr_line' id='line_1_25' title="bbox 210 2871 1258 2956; baseline -0.003 -21"><span class='ocrx_word' id='word_1_207' title='bbox 210 2873 288 2956; x_wconf 92' lang='lat' dir='ltr'>quid</span> <span class='ocrx_word' id='word_1_208' title='bbox 312 2873 400 2936; x_wconf 89' lang='lat' dir='ltr'>enim</span> <span class='ocrx_word' id='word_1_209' title='bbox 420 2873 501 2935; x_wconf 90' lang='lat' dir='ltr'>mihi</span> <span class='ocrx_word' id='word_1_210' title='bbox 516 2873 635 2947; x_wconf 79' lang='lat' dir='ltr'>aufert,</span> <span class='ocrx_word' id='word_1_211' title='bbox 653 2872 709 2954; x_wconf 94' lang='lat' dir='ltr'>qui</span> <span class='ocrx_word' id='word_1_212' title='bbox 725 2872 832 2935; x_wconf 88' lang='lat' dir='ltr'>ridet?</span> <span class='ocrx_word' id='word_1_213' title='bbox 856 2871 961 2934; x_wconf 91' lang='lat' dir='ltr'>satius</span> <span class='ocrx_word' id='word_1_214' title='bbox 977 2881 1028 2934; x_wconf 90' lang='lat' dir='ltr'>est</span> <span class='ocrx_word' id='word_1_215' title='bbox 1044 2871 1143 2934; x_wconf 88' lang='lat' dir='ltr'>rideri</span> <span class='ocrx_word' id='word_1_216' title='bbox 1159 2892 1258 2952; x_wconf 91' lang='lat' dir='ltr'>quarn</span> 
     </span>
     <span class='ocr_line' id='line_1_26' title="bbox 210 2973 1259 3051; baseline -0.002 -11"><span class='ocrx_word' id='word_1_217' title='bbox 210 2977 371 3040; x_wconf 88' lang='lat' dir='ltr'>derideri.’</span> <span class='ocrx_word' id='word_1_218' title='bbox 417 2978 519 3040; x_wconf 89' lang='lat' dir='ltr'>‘haec</span> <span class='ocrx_word' id='word_1_219' title='bbox 535 2976 591 3039; x_wconf 92' lang='lat' dir='ltr'>ubi</span> <span class='ocrx_word' id='word_1_220' title='bbox 607 2976 695 3039; x_wconf 90' lang='lat' dir='ltr'>dicta</span> <span class='ocrx_word' id='word_1_221' title='bbox 712 2973 822 3051; x_wconf 85' lang='lat' dir='ltr'>dedit,‘</span> <span class='ocrx_word' id='word_1_222' title='bbox 840 2976 941 3039; x_wconf 91' lang='lat' dir='ltr'>talem</span> <span class='ocrx_word' id='word_1_223' title='bbox 958 2975 1107 3038; x_wconf 84' lang='lat' dir='ltr'>fabulam</span> <span class='ocrx_word' id='word_1_224' title='bbox 1123 2996 1259 3038; x_wconf 89' lang='lat' dir='ltr'>exorsus</span> 
     </span>
     <span class='ocr_line' id='line_1_27' title="bbox 210 3092 279 3144; baseline 0 0"><span class='ocrx_word' id='word_1_225' title='bbox 210 3092 279 3144; x_wconf 91' lang='lat' dir='ltr'>est:</span> 
     </span>
    </p>

    <p class='ocr_par' dir='ltr' id='par_1_8' title="bbox 254 3183 1258 3264">
     <span class='ocr_line' id='line_1_28' title="bbox 254 3183 1258 3264; baseline -0.003 -15"><span class='ocrx_word' id='word_1_226' title='bbox 254 3191 348 3249; x_wconf 89' lang='lat' dir='ltr'>‘cum</span> <span class='ocrx_word' id='word_1_227' title='bbox 372 3185 482 3248; x_wconf 84' lang='lat' dir='ltr'>adhuc</span> <span class='ocrx_word' id='word_1_228' title='bbox 506 3183 674 3259; x_wconf 85' lang='lat' dir='ltr'>sernirem,</span> <span class='ocrx_word' id='word_1_229' title='bbox 693 3183 925 3246; x_wconf 89' lang='lat' dir='ltr'>habitabamus</span> <span class='ocrx_word' id='word_1_230' title='bbox 949 3183 982 3246; x_wconf 91' lang='lat' dir='ltr'>in</span> <span class='ocrx_word' id='word_1_231' title='bbox 1006 3183 1080 3246; x_wconf 94' lang='lat' dir='ltr'>uico</span> <span class='ocrx_word' id='word_1_232' title='bbox 1097 3193 1258 3264; x_wconf 85' lang='lat' dir='ltr'>angust0;</span> 
     </span>
    </p>

    <p class='ocr_par' dir='ltr' id='par_1_9' title="bbox 157 3287 1260 3784">
     <span class='ocr_line' id='line_1_29' title="bbox 157 3287 1258 3369; baseline -0.003 -17"><span class='ocrx_word' id='word_1_233' title='bbox 157 3321 187 3352; x_wconf 71' lang='grc' dir='ltr'>ω</span> <span class='ocrx_word' id='word_1_234' title='bbox 210 3311 298 3353; x_wconf 90' lang='lat' dir='ltr'>nunc</span> <span class='ocrx_word' id='word_1_235' title='bbox 330 3289 482 3354; x_wconf 88' lang='lat' dir='ltr'>Gauillae</span> <span class='ocrx_word' id='word_1_236' title='bbox 514 3288 632 3351; x_wconf 92' lang='lat' dir='ltr'>domus</span> <span class='ocrx_word' id='word_1_237' title='bbox 663 3297 722 3350; x_wconf 89' lang='lat' dir='ltr'>est.</span> <span class='ocrx_word' id='word_1_238' title='bbox 772 3287 825 3362; x_wconf 87' lang='lat' dir='ltr'>ibi,</span> <span class='ocrx_word' id='word_1_239' title='bbox 857 3287 1024 3369; x_wconf 94' lang='lat' dir='ltr'>quomodo</span> <span class='ocrx_word' id='word_1_240' title='bbox 1055 3287 1101 3349; x_wconf 93' lang='lat' dir='ltr'>dii</span> <span class='ocrx_word' id='word_1_241' title='bbox 1133 3288 1258 3362; x_wconf 89' lang='lat' dir='ltr'>uolunt,</span> 
     </span>
     <span class='ocr_line' id='line_1_30' title="bbox 211 3391 1260 3475; baseline -0.004 -19"><span class='ocrx_word' id='word_1_242' title='bbox 211 3415 321 3457; x_wconf 89' lang='lat' dir='ltr'>amare</span> <span class='ocrx_word' id='word_1_243' title='bbox 345 3392 442 3475; x_wconf 92' lang='lat' dir='ltr'>coepi</span> <span class='ocrx_word' id='word_1_244' title='bbox 464 3412 600 3455; x_wconf 86' lang='lat' dir='ltr'>uxorem</span> <span class='ocrx_word' id='word_1_245' title='bbox 619 3391 767 3455; x_wconf 89' lang='lat' dir='ltr'>Terentii</span> <span class='ocrx_word' id='word_1_246' title='bbox 784 3391 939 3472; x_wconf 90' lang='lat' dir='ltr'>coponis:</span> <span class='ocrx_word' id='word_1_247' title='bbox 963 3391 1131 3454; x_wconf 91' lang='lat' dir='ltr'>noueratis</span> <span class='ocrx_word' id='word_1_248' title='bbox 1149 3391 1260 3454; x_wconf 91' lang='lat' dir='ltr'>Melis-</span> 
     </span>
     <span class='ocr_line' id='line_1_31' title="bbox 211 3495 1259 3577; baseline -0.004 -16"><span class='ocrx_word' id='word_1_249' title='bbox 211 3519 280 3561; x_wconf 92' lang='lat' dir='ltr'>sam</span> <span class='ocrx_word' id='word_1_250' title='bbox 303 3496 531 3570; x_wconf 87' lang='lat' dir='ltr'>Tarentinam,</span> <span class='ocrx_word' id='word_1_251' title='bbox 554 3495 812 3577; x_wconf 91' lang='lat' dir='ltr'>pulcherrimum</span> <span class='ocrx_word' id='word_1_252' title='bbox 836 3495 1065 3558; x_wconf 90' lang='lat' dir='ltr'>bacciballum.</span> <span class='ocrx_word' id='word_1_253' title='bbox 1113 3495 1171 3557; x_wconf 90' lang='lat' dir='ltr'>sed</span> <span class='ocrx_word' id='word_1_254' title='bbox 1195 3515 1259 3576; x_wconf 88' lang='lat' dir='ltr'>ego</span> 
     </span>
     <span class='ocr_line' id='line_1_32' title="bbox 210 3598 1260 3681; baseline -0.004 -17"><span class='ocrx_word' id='word_1_255' title='bbox 210 3623 276 3666; x_wconf 92' lang='lat' dir='ltr'>non</span> <span class='ocrx_word' id='word_1_256' title='bbox 300 3601 508 3664; x_wconf 89' lang='lat' dir='ltr'>mehercules</span> <span class='ocrx_word' id='word_1_257' title='bbox 531 3599 747 3681; x_wconf 83' lang='lat' dir='ltr'>corporaliter</span> <span class='ocrx_word' id='word_1_258' title='bbox 762 3598 852 3660; x_wconf 87' lang='lat' dir='ltr'>illam</span> <span class='ocrx_word' id='word_1_259' title='bbox 869 3609 925 3661; x_wconf 91' lang='lat' dir='ltr'>aut</span> <span class='ocrx_word' id='word_1_260' title='bbox 942 3608 1078 3680; x_wconf 90' lang='lat' dir='ltr'>propter</span> <span class='ocrx_word' id='word_1_261' title='bbox 1093 3619 1146 3660; x_wconf 89' lang='lat' dir='ltr'>res</span> <span class='ocrx_word' id='word_1_262' title='bbox 1162 3619 1260 3661; x_wconf 91' lang='lat' dir='ltr'>uene-</span> 
     </span>
     <span class='ocr_line' id='line_1_33' title="bbox 210 3701 1258 3784; baseline -0.004 -16"><span class='ocrx_word' id='word_1_263' title='bbox 210 3707 275 3769; x_wconf 91' lang='lat' dir='ltr'>rias</span> <span class='ocrx_word' id='word_1_264' title='bbox 299 3703 422 3778; x_wconf 89' lang='lat' dir='ltr'>curaui,</span> <span class='ocrx_word' id='word_1_265' title='bbox 441 3705 500 3766; x_wconf 90' lang='lat' dir='ltr'>sed</span> <span class='ocrx_word' id='word_1_266' title='bbox 524 3703 631 3784; x_wconf 85' lang='lat' dir='ltr'>magis</span> <span class='ocrx_word' id='word_1_267' title='bbox 655 3703 743 3784; x_wconf 92' lang='lat' dir='ltr'>quod</span> <span class='ocrx_word' id='word_1_268' title='bbox 756 3703 853 3764; x_wconf 71' lang='lat' dir='ltr'>‘bene</span> <span class='ocrx_word' id='word_1_269' title='bbox 873 3713 1000 3764; x_wconf 91' lang='lat' dir='ltr'>morata</span> <span class='ocrx_word' id='word_1_270' title='bbox 1017 3701 1088 3763; x_wconf 82' lang='lat' dir='ltr'>luit.</span> <span class='ocrx_word' id='word_1_271' title='bbox 1136 3701 1164 3763; x_wconf 93' lang='lat' dir='ltr'>si</span> <span class='ocrx_word' id='word_1_272' title='bbox 1180 3702 1258 3783; x_wconf 93' lang='lat' dir='ltr'>quid</span> 
     </span>
    </p>
   </div>
   <div class='ocr_carea' id='block_1_5' title="bbox 0 0 1472 4236">
    <p class='ocr_par' dir='ltr' id='par_1_10' title="bbox 0 0 1472 4236">
     <span class='ocr_line' id='line_1_34' title="bbox 0 0 1472 4236; baseline 0 2"><span class='ocrx_word' id='word_1_273' title='bbox 0 0 1472 4236; x_wconf 95' lang='lat' dir='ltr'> </span> 
     </span>
    </p>
   </div>
  </div>
 </body>
</html>
