2926 4232
640 339 771 391 ENNIVS
1220 349 1254 398 11

244 499 332 562 ‘die'
361 497 467 582 inquit
495 503 647 580 'postero
675 508 781 560 mater
807 498 839 560 in
868 498 1027 580 pabulum
1054 500 1155 562 uolat:
1204 501 1258 564 do-

242 603 360 679 minus
387 623 470 685 quos
497 611 683 682 rogauerat,
710 603 890 682 opperitur.
943 604 992 665 sol
1019 604 1136 678 feruet,
1162 614 1195 666 et
1222 605 1258 667 fit

242 707 342 784 nihil;
373 707 398 769 it
421 706 501 781 dies,
525 716 558 768 et
583 705 680 768 amici
705 705 786 767 nulli
810 715 899 768 eunt.
952 716 1023 769 tum
1048 707 1101 770 ille
1127 729 1256 770 rursum

177 837 207 890 ²5
243 811 285 874 ad
309 811 411 873 filium
437 809 551 872 ‘amici
574 809 627 872 isti
651 829 807 889 magnam
832 811 978 892 partem'
1004 810 1109 894 inquit
1134 818 1258 875 ‘cessa-

242 925 332 978 tores
363 923 448 976 sunt.
507 913 587 995 quin
618 912 729 994 potius
759 912 844 976 imus
875 923 908 976 et
938 924 1099 994 cognatos
1130 916 1258 979 adfines

241 1016 398 1102 (amicos)
420 1037 484 1100 que
508 1026 639 1080 nostros
663 1037 805 1093 oramuS,
829 1027 866 1080 ut
889 1018 993 1080 assint
1018 1039 1091 1080 cras
1115 1020 1258 1102 tempori

242 1123 285 1185 ad
316 1121 551 1184 metendum?'
610 1119 724 1183 itidem
756 1121 818 1184 hoc
850 1122 931 1202 pulli
962 1123 1131 1202 pauefacti
1161 1124 1258 1186 matri

242 1225 405 1288 nuntiant.
453 1234 560 1288 mater
580 1224 740 1300 hortatur,
764 1233 801 1287 ut
823 1233 893 1286 tum
917 1245 1048 1307 quoque
1072 1227 1143 1289 sine
1167 1236 1257 1290 metu

177 1357 209 1408 30
243 1350 282 1392 ac
306 1329 377 1392 sine
402 1348 482 1392 cura
506 1328 581 1401 sint,
606 1337 768 1409 cognatos
796 1328 1125 1410 adfinesque'nullos
1152 1332 1257 1394 terme

242 1443 311 1496 tam
328 1453 401 1498 esse
418 1431 640 1514 obsequibiles
657 1431 711 1507 ait,
730 1441 765 1494 ut
784 1432 826 1494 ad
847 1431 993 1494 laborem
1015 1434 1257 1515 capessendum

242 1536 324 1599 nihil
340 1545 539 1599 cunctentur
555 1545 589 1598 et
605 1535 716 1597 statim
732 1535 820 1598 dicto
837 1535 1032 1599 oboediant:
1053 1543 1127 1600 ‘uos
1144 1533 1255 1601 modo*

242 1640 350 1723 inquit
374 1639 564 1714 (aduertite,
590 1639 617 1701 si
641 1640 740 1702 modo
764 1640 843 1721 quid
867 1641 977 1703 denuo
1001 1641 1146 1704 dicetur!
1193 1641 1258 1704 alia

243 1745 315 1807 luce
332 1755 404 1807 orta
419 1743 491 1806 auis
507 1743 540 1804 in
558 1752 690 1824 pastum
712 1744 864 1824 profecta
885 1754 944 1807 est.
991 1745 1125 1826 cognati
1147 1755 1181 1808 et
1204 1746 1258 1808 ad-

177 1875 208 1928 35
243 1849 326 1910 fines
351 1867 489 1928 operam
515 1865 615 1928 quam
642 1846 721 1909 dare
748 1847 856 1928 rogati
883 1857 960 1910 sunt
987 1849 1255 1930 supersederunt.

243 1953 285 2015 ad
313 1961 518 2033 postremum
545 1949 645 2030 igitur
672 1950 825 2013 dominus
855 1951 921 2013 filio
950 1953 1123 2014 ‘ualeant’
1152 1953 1258 2034 inquit

245 2055 361 2119 ‘amici
391 2075 467 2118 cum
499 2059 703 2142 propinquis.
766 2056 888 2118 afferes
919 2055 1025 2136 primo
1058 2056 1122 2119 luci
1153 2057 1258 2119 falces

243 2161 345 2238 duas;
378 2183 479 2224 unam
504 2173 638 2244 egomet
665 2163 745 2226 mihi
772 2173 805 2226 et
831 2173 867 2225 tu
894 2163 953 2225 tibi
980 2161 1092 2243 capies
1119 2162 1256 2223 alteram

242 2275 276 2327 et
300 2266 505 2328 frumentum
533 2267 728 2349 nosmetipsi
757 2266 914 2349 manibus,
938 2265 1059 2328 nostris
1089 2285 1162 2328 cras
1193 2286 1258 2328 me-

177 2395 209 2442 40
242 2370 372 2431 temus!
429 2370 462 2432 id
495 2371 551 2433 ubi
585 2391 625 2434 ex
659 2371 757 2454 pullis
792 2370 912 2433 dixisse
947 2370 1116 2433 dominum
1152 2381 1258 2432 mater

243 2472 378 2548 audiuit,
412 2475 585 2556 ‘tempus’
617 2474 724 2557 inquit
756 2479 826 2537 ‘est
857 2473 996 2537 cedendi
1028 2483 1061 2536 et
1092 2474 1255 2549 abeundi;

242 2576 299 2639 fiet
321 2597 410 2640 nunc
435 2578 534 2640 dubio
558 2579 674 2659 procul
698 2578 787 2660 quod
810 2579 960 2640 futurum
985 2577 1073 2640 dixit.
1123 2577 1157 2638 in
1184 2577 1257 2659 ipso

243 2679 331 2741 enim
362 2680 427 2742 iam
458 2682 597 2744 uertitur
627 2681 701 2744 cuia
732 2701 785 2743 res
816 2691 875 2756 est,
904 2702 971 2743 non
1001 2681 1034 2742 in
1067 2681 1139 2753 alio,
1169 2682 1257 2744 unde

243 2783 386 2864 petitur)
441 2794 540 2867 atque
565 2785 611 2847 ita
635 2785 756 2848 cassita
783 2785 896 2847 nidum
924 2784 1087 2866 migrauit,
1114 2804 1211 2865 seges
1238 2806 1257 2847 a

176 2911 208 2964 45
243 2887 378 2951 domino
405 2887 557 2951 demessa
584 2889 654 2951 est'
681 2939 686 2950 .
713 2939 719 2950 .
746 2938 752 2950 .
808 2889 896 2951 hunc
922 2888 1051 2969 Aesopi
1077 2888 1256 2969 apologum

244 2990 284 3072 Q.
312 2991 440 3054 Ennius
463 2991 497 3054 in
521 2992 628 3054 satiris
654 2992 734 3055 scite
760 2991 939 3054 admodum
964 3001 998 3054 et
1022 3001 1162 3054 uenuste
1187 3012 1257 3054 uer-

243 3079 335 3156 sibus
365 3095 535 3176 quadratis
566 3095 759 3177 composuit.
824 3115 964 3176 quorum
998 3096 1063 3157 duo
1099 3095 1257 3176 postremi

242 3196 296 3260 isti
331 3208 417 3274 sunt,
450 3220 534 3281 quos
568 3200 691 3262 habere
726 3198 817 3262 cordi
851 3209 885 3262 et
918 3199 1096 3262 memoriae
1134 3218 1256 3281 operae

243 3301 386 3382 pretium
409 3322 483 3366 esse
506 3303 616 3366 hercle
640 3313 739 3385 puto:

178 3489 208 3542 50
243 3462 305 3527 hdc
328 3465 389 3527 erit
411 3465 471 3528 tibi
491 3464 725 3547 argumentum
749 3467 880 3548 semper
899 3465 933 3526 in
957 3463 1112 3546 promptd
1135 3464 1255 3526 situm:

243 3569 284 3630 ne
308 3569 387 3650 quid
410 3571 565 3650 expectes
589 3569 713 3632 amicos
736 3567 825 3651 quod
848 3578 919 3632 tute
943 3589 1042 3650 agere
1067 3568 1203 3649 pdssies.

1011 3729 1083 3782 Gell.
1099 3729 1136 3781 11.
1151 3743 1185 3798 29
1198 3727 1253 3798 H.]
