2926 4232
214 309 256 374 70
474 304 685 354 FRAGMENTS
708 305 753 354 OF
776 304 903 354 ROMAN
927 305 1052 354 SATIRE
1155 365 1159 378 Ι

624 477 702 524 ΠΕΡΙ
727 474 901 528 ΕΞΛΓΩΓΗΣ

567 583 596 636 Is
608 583 710 635 suicide
724 601 782 635 ever
792 583 961 652 justifioblel

215 697 288 775 165.
765 691 943 775 *quemnam
958 703 992 757 te
1008 714 1081 758 esse
1098 693 1215 772 dlcam,

321 797 393 862 lerd
408 798 465 880 qui
481 795 581 860 mand
598 796 745 878 corporis
763 795 910 860 leruidds
926 797 1069 861 fontium
1090 779 1204 880 dperis‘
1221 799 1313 864 lacds

408 899 579 982 sanguinis
596 911 696 982 teque
712 899 781 962 ulta
842 881 850 894 ⁵

320 1003 411 1069 leua's
428 1006 537 1068 ferreo
553 1005 654 1067 ense?
1109 1035 1182 1087 Non⁸
1196 1033 1249 1102 336
1271 1048 1311 1100 27·

494 1168 550 1231 llos,
564 1169 592 1219 in
606 1185 623 1219 a
635 1185 694 1220 case
707 1167 759 1220 lilce
773 1169 826 1220 thot
839 1168 874 1236 os
880 1167 1028 1232 Hannibal,

213 1281 285 1345 166.
363 1279 491 1362 quaerit
514 1279 636 1341 ibidem
660 1279 702 1340 ab
728 1278 929 1354 Hannibale,
950 1299 1009 1342 cur
1028 1278 1148 1342 biberit
1171 1280 1312 1344 medica-

319 1383 490 1446 mentum?
552 1383 648 1464 ‘quia
681 1381 859 1445 Romanis'
892 1381 999 1464 inquit
1030 1387 1101 1445 ‘me
1135 1383 1312 1448 Prusiades

318 1488 449 1550 tradere
466 1486 619 1549 uolebat’
1107 1515 1180 1566 Non.
1193 1527 1253 1582 345.
1271 1529 1310 1583 15.

626 1607 663 1660 Or
675 1608 710 1677 os
717 1608 898 1661 Andromeda.

212 1723 285 1798 167.
362 1719 580 1782 Andromeda
602 1719 714 1781 uincta
741 1728 774 1781 et
802 1719 973 1800 proposita
1000 1729 1074 1782 ceto
1101 1740 1168 1783 non
1195 1721 1311 1784 debuit

174 1823 179 1830 “
318 1823 404 1905 patri
420 1843 490 1897 su0,
509 1822 634 1884 homini
650 1821 886 1902 stupidissimo,
904 1822 938 1884 in
954 1843 991 1885 os
1008 1843 1151 1904 expuere
1168 1823 1295 1886 uitam?

1124 1927 1197 1978 Non.
1210 1939 1270 1989 400.
1284 1943 1309 1995 9.

344 2027 399 2080 For
408 2027 427 2078 it
440 2027 462 2078 is
475 2026 543 2095 rtqtt
556 2035 580 2078 to
592 2027 733 2094 anticipare
746 2044 762 2079 a
776 2028 844 2080 hard
856 2028 932 2079 deatlr
946 2027 978 2095 oy
989 2045 1026 2079 an
1039 2044 1102 2095 easy
1114 2045 1169 2080 one.

211 2140 283 2203 168.
360 2158 427 2200 non
455 2137 683 2217 uituperamus
710 2157 785 2200 cum
817 2137 960 2200 sciamus
991 2138 1131 2218 digitum
1162 2140 1310 2221 praecidi

316 2251 479 2322 oportere,
506 2240 533 2302 si
557 2241 598 2303 ob
622 2261 696 2303 eam
720 2261 789 2304 rem
814 2261 987 2322 gangrena
1011 2262 1077 2304 non
1102 2243 1144 2306 sit
1167 2244 1210 2306 ad
1237 2243 1310 2306 bra·

318 2345 429 2408 chium
446 2353 595 2407 uentura.
771 2355 776 2362 “
1104 2374 1178 2426 Non,
1195 2387 1250 2440 117,
1266 2388 1307 2426 21,

578 2553 809 2598 PROMETHEUS
832 2555 936 2598 LIBER

358 2659 537 2722 Prometheus,
551 2659 697 2711 enoltain'ed
709 2677 742 2711 on
759 2659 904 2723 Caucasus,
919 2660 1024 2713 bewails
1037 2661 1156 2730 hirsute.

209 2777 281 2855 169.
533 2823 539 2834 .
566 2822 571 2835 .
598 2823 604 2835 .
630 2793 693 2854 ego
710 2773 826 2836 infelix
842 2772 908 2836 ndn
925 2796 1044 2856 queam

314 2879 381 2941 uim
398 2875 593 2960 prdpulsare
610 2886 709 2959 atque
727 2877 895 2940 inimicum
912 2898 990 2942 orco
1007 2878 1190 2958 inmlttere;

314 2981 517 3064 nequiquam
534 3001 635 3062 saepe
652 2978 781 3044 aerdtas
797 2981 927 3044 manuis
943 2980 1122 3065 compedes

313 3084 414 3149 eondr
429 3085 599 3148 reuellere.
1128 3117 1202 3168 Non¹
1218 3115 1261 3166 23¹
1278 3130 1303 3181 3·

207 3239 280 3300 170.
586 3270 591 3282 .
618 3270 624 3282 .
651 3270 656 3282 .
683 3231 783 3303 atque
804 3217 974 3306 [irtubus]

312 3323 535 3406 exsdnguibus
552 3322 664 3386 doldre
681 3323 842 3388 euirescdt
858 3326 958 3388 colos.
1093 3354 1167 3406 Non¹
1185 3366 1240 3405 101,
1259 3367 1303 3420 3¹·

206 3502 279 3562 171.
312 3481 459 3546 mortalis
476 3503 574 3545 nemo
590 3479 730 3554 exaudit,
750 3482 809 3544 sed
826 3483 891 3546 late
909 3481 1056 3546 incolens

313 3585 513 3671 Scythdrum
529 3583 736 3668 inhospitalis
753 3587 880 3668 campis
896 3584 1043 3650 udstitas.

1091 3690 1166 3743 Non.
1180 3702 1242 3756 417.
1261 3704 1301 3760 13.
