2934 4236
620 229 789 280 nevnsrvs
1196 239 1250 304 ¹51

194 390 319 452 damus
341 389 385 452 ad
404 388 549 464 maritos,
567 398 601 452 et
622 389 708 452 lares
729 409 896 471 pauperes
917 401 1057 466 nostros,
1076 391 1133 454 sed
1155 393 1253 473 plone

194 494 338 569 sobrios,
363 492 558 568 renisamus,
583 491 727 574 donique
750 493 1007 574 cogitationibus
1034 496 1254 576 pressioribus

194 598 382 662 instructae
399 597 442 660 ad
458 595 648 678 superbiam
666 597 887 678 poeniendam
905 597 1084 662 firmiores)

242 722 297 766 11.
324 702 436 783 placet
456 720 517 783 pro
538 699 627 764 bono
651 700 781 764 duabus
802 701 897 764 malis
921 702 1045 765 malurn
1068 703 1251 780 consilium,

154 833 169 876 s
192 807 346 889 totisque
372 803 531 868 illistam
560 803 713 886 pretiosis
740 805 932 868 muneribus
962 805 1174 882 absconditis,
1203 829 1254 870 co-

194 931 288 974 mam
318 910 501 986 trahentes,
529 918 565 972 et
594 909 733 991 proinde
765 919 801 972 ut
831 909 1053 986 merebantur,
1082 931 1141 974 ora
1172 911 1253 974 lace-

193 1024 323 1090 rantes,
352 1013 525 1076 simulatos
551 1011 780 1094 redintegrant
803 1012 910 1076 fletus.
957 1033 995 1077 ac
1023 1013 1069 1076 sic
1097 1025 1253 1096 parentes

194 1138 342 1201 quoque,
363 1117 573 1186 redulcerato
592 1135 744 1199 prorsum
766 1116 888 1192 dolore,
909 1117 1029 1199 raptim
1050 1116 1251 1192 deserentes,

194 1221 339 1285 uesania
362 1220 515 1301 turgidae
539 1219 657 1283 domus
680 1239 758 1284 suas
780 1219 996 1296 contendunt,
1018 1221 1130 1283 dolum
1155 1223 1253 1284 scele-

145 1352 171 1388 ιο
195 1335 299 1401 stum,
316 1325 419 1388 immo
439 1343 520 1387 uero
542 1322 763 1405 parricidium,
781 1332 947 1386 struentes
968 1334 1085 1386 contra
1107 1345 1252 1388 sororem

196 1430 377 1492 insontem.

243 1533 373 1596 interea
405 1532 558 1616 Psychen
594 1529 733 1596 maritus
763 1530 817 1594 ille
851 1551 950 1614 quern
984 1532 1090 1596 nescit
1123 1553 1251 1596 rursum

197 1637 270 1700 suis
289 1636 355 1699 illis
373 1634 545 1699 nocturnis
566 1634 774 1699 sermonibus
796 1634 842 1698 sic
864 1645 1071 1698 commonet:
1098 1637 1253 1700 ‘uidesne

198 1749 364 1823 quantum
385 1739 445 1802 tibi
468 1739 652 1820 periculum
676 1738 831 1802 uelitatur
855 1739 1004 1802 Fortuna
1027 1740 1180 1804 eminus?
1204 1762 1252 1818 ac,

146 1875 172 1919 15
198 1843 265 1906 nisi
284 1844 385 1925 longe
404 1843 541 1906 firmiter
556 1862 747 1924 praecaues,
765 1863 840 1906 mox
860 1842 1045 1906 comminus
1064 1845 1254 1925 congredie-

198 1958 263 2011 tur.
307 1947 454 2029 perfidae
467 1946 601 2028 lupulae
618 1946 749 2027 magnis
765 1946 939 2008 conatibus
955 1947 1101 2010 nefarias
1118 1949 1254 2011 insidias

199 2051 262 2114 tibi
277 2060 482 2132 comparant,
500 2070 640 2132 quarum
657 2069 787 2113 summa
802 2060 862 2125 est,
880 2061 916 2112 ut
932 2061 965 2113 te
982 2052 1145 2114 suadeant
1162 2073 1253 2115 meos

200 2155 374 2238 explorare
387 2154 508 2230 uultus
520 2174 612 2236 quos,
627 2163 663 2216 ut
675 2153 735 2216 tibi
748 2173 849 2234 saepe
862 2154 1019 2235 praedixi,
1034 2175 1100 2217 non
1114 2156 1252 2230 uidebis,

202 2259 231 2323 si
245 2257 378 2322 uideris
425 2279 506 2340 ergo
530 2257 638 2340 igitur,
654 2257 682 2320 si
698 2259 839 2338 posthac
859 2258 1025 2338 pessimae
1042 2258 1117 2322 illae
1134 2259 1253 2322 lamiae

148 2397 178 2430 ω
202 2363 309 2426 noxiis
335 2362 454 2426 animis
480 2372 627 2426 armatae
655 2361 808 2424 uenerint
834 2358 986 2443 (uenient
1013 2373 1134 2438 autem,
1161 2363 1252 2446 scio),

202 2487 312 2550 neque
327 2466 463 2531 omnino
479 2485 667 2530 sermonem
684 2466 855 2542 conferas3
881 2475 923 2540 et,
941 2465 969 2528 si
984 2465 1017 2529 id
1033 2466 1175 2530 tolerare
1193 2488 1254 2550 pro

204 2571 348 2654 genuina
367 2569 579 2652 simplicitate
599 2589 726 2652 proque
748 2568 850 2632 animi
870 2569 919 2632 tui
942 2571 1163 2633 teneritudine
1187 2592 1253 2633 non

205 2674 359 2757 potueris,
385 2684 475 2738 certe
501 2674 543 2738 de
571 2673 688 2736 marito
712 2673 758 2735 nil
782 2673 958 2755 quicquam
983 2675 1036 2736 uel
1060 2674 1176 2737 audias
1200 2676 1253 2737 uel

205 2779 416 2860 respondeas
464 2798 541 2840 nam
563 2787 596 2840 et
615 2777 776 2840 familiam
802 2787 950 2840 nostram
972 2777 1038 2839 iarn
1058 2779 1254 2860 propagabi-

53 2922 59 2933 ι
153 2912 183 2960 25
205 2902 286 2958 mus,
298 2891 332 2946 et
348 2881 400 2946 hic
417 2882 527 2944 adhuc
542 2881 705 2944 infantilis
721 2891 835 2944 uterus
851 2890 961 2961 gestat
976 2881 1073 2944 nobis
1089 2881 1253 2945 infantem

205 2985 315 3062 aliurn,
347 2985 375 3050 si
404 2985 524 3049 texeris
552 2995 665 3048 nostra
696 2994 824 3048 secreta
855 2984 995 3061 silentio,
1024 2985 1193 3064 diuinum;
1226 2987 1254 3077 si

206 3090 444 3172 profanaueris,
462 3089 656 3153 mortalem!

249 3212 302 3258 12.
327 3193 444 3258 nuntio
473 3194 601 3278 Psyche
628 3193 715 3256 laeta
739 3192 886 3270 florebat,
911 3203 945 3256 et
972 3193 1104 3257 diuinae
1132 3195 1254 3258 sobolis

205 3298 325 3363 solacio
347 3298 535 3380 plaudebat,
554 3308 586 3360 et
605 3297 708 3360 futuri
729 3297 878 3380 pignoris
901 3297 1006 3380 gloria
1030 3298 1203 3380 gestiebat,
1221 3309 1254 3362 et

160 3431 186 3478 30
205 3403 346 3466 materni
376 3401 519 3466 nominis
550 3401 713 3482 dignitate
742 3402 919 3484 gaudebat.
969 3412 1155 3466 crescentes
1183 3402 1254 3465 dies

206 3516 238 3570 et
258 3527 390 3570 menses
411 3516 570 3569 exeuntes
592 3505 689 3568 anxia
712 3516 874 3581 numerat,
892 3517 925 3570 et
948 3506 1098 3570 sarcinae
1122 3505 1254 3569 nesciae

206 3610 392 3676 rudimento
408 3609 545 3676 miratur
561 3610 602 3678 de
622 3609 716 3674 breui
737 3611 896 3694 punctulo
920 3621 1049 3674 tantum
1073 3610 1255 3674 incremen-
