2934 4236
209 273 270 336 104
468 268 677 317 FRAGMENTS
701 268 746 318 OF
769 268 895 318 ROMAN
919 269 1044 318 SATIRE

257 400 344 488 ciurri
368 413 586 488 uauatonem.¹
624 445 706 506 rogo
730 445 800 500 uos,
818 435 949 506 oportet
972 426 1124 504 credatis,
1141 437 1220 490 sunt
1238 449 1311 490 mu-

173 595 175 598 ,
257 527 354 590 lieres
381 529 555 610 plussciae,
585 538 663 591 sunt
690 538 881 604 nocturnae,
911 538 944 591 et
972 530 1060 616 quod
1087 551 1219 593 sursum
1245 542 1308 608 est,

256 632 411 695 deorsum
443 633 579 695 faciunt.
627 641 773 695 ceterum
800 632 881 696 baro
909 633 964 696 ille
991 633 1111 715 longus
1138 644 1216 716 post
1243 636 1309 698 hoc

212 805 217 812 ,
256 736 381 800 factum
401 757 572 818 nunquam
589 735 709 800 coloris
725 735 777 799 sui
793 735 864 812 fuit,
882 736 983 799 immo
1000 747 1076 818 post
1092 759 1218 820 paucos
1235 739 1309 802 dies

217 869 230 916 5
256 841 468 922 phreneticus
484 839 601 922 periit.’

299 947 352 1022 64.
390 944 548 1006 miramur
579 963 640 1006 nos
672 952 707 1006 et
738 941 861 1026 pariter
892 945 1066 1021 credimus,
1099 946 1308 1029 osculatique

255 1068 405 1110 mensam
429 1068 584 1129 rogamus
605 1047 805 1123 Nocturnas,
823 1057 860 1111 ut
876 1048 944 1111 suis
959 1046 1088 1111 sedibus
1104 1069 1140 1112 se
1157 1059 1306 1127 teneant,

255 1153 334 1214 dum
350 1152 495 1214 redimus
511 1172 530 1214 a
546 1171 638 1215 cena.

298 1369 331 1422 et
354 1379 434 1422 sane
458 1358 523 1421 iam
547 1359 702 1422 lucernae
726 1358 806 1421 mihi
829 1359 943 1440 plures
967 1360 1167 1424 uidebantur
1187 1362 1306 1425 ardere

203 1492 230 1524 ιο
254 1472 426 1545 totumque
460 1463 637 1526 triclinium
672 1483 747 1526 esse
781 1472 956 1539 mutatum,
989 1485 1065 1526 cum
1100 1465 1306 1528 Trimalchio

256 1567 332 1629 ‘tibi
362 1567 452 1630 dico'
484 1567 592 1649 inquit
623 1567 805 1643 ‘Plocame,
838 1567 920 1630 nihil
955 1570 1094 1632 narras?
1128 1569 1210 1631 nihil
1243 1590 1306 1632 nos

254 1671 451 1734 delectaris?
487 1681 520 1734 et
547 1671 677 1734 solebas
704 1671 839 1734 suauius
867 1691 950 1746 esse,
976 1671 1062 1735 belle
1089 1672 1239 1735 diuerbia
1260 1673 1306 1735 di-

254 1795 337 1850 cere,
356 1775 473 1839 melica
496 1775 670 1838 canturire.
719 1776 784 1837 heu
804 1776 878 1851 heu,
896 1775 1011 1839 abistis
1031 1775 1137 1839 dulcis
1153 1777 1304 1840 caricae.'

255 1879 356 1940 ‘iam’
374 1879 480 1961 inquit
496 1879 550 1941 ille
568 1878 767 1960 ‘quadrigae
783 1899 878 1942 meae
894 1880 1163 1956 decucurrerunt,
1181 1901 1221 1943 ex
1237 1903 1304 1963 quo

202 2012 227 2058 15
254 1983 452 2064 podagricus
473 1983 584 2045 factus
603 2003 685 2044 sum.
733 1983 878 2065 alioquin
895 2004 971 2046 cum
988 2003 1096 2047 essem
1113 1985 1305 2048 adulescen-

253 2088 350 2162 tulus,
368 2087 534 2148 cantando
559 2105 665 2166 paene
687 2086 873 2167 phthisicus
890 2088 1000 2150 factus
1017 2109 1099 2150 sum.
1147 2089 1226 2170 quid
1243 2089 1305 2150 sal-

252 2191 346 2252 tare?
374 2191 452 2273 quid
476 2189 647 2252 diuerbia?
675 2189 754 2272 quid
777 2191 1001 2254 tonstrinum?
1029 2192 1163 2274 quando
1186 2212 1303 2273 parem

253 2295 353 2356 habui
376 2293 439 2356 nisi
455 2314 557 2356 unum
574 2293 764 2375 Apelletem
776 2295 805 2356 ?’
852 2295 1072 2378 appositaque
1089 2296 1131 2357 ad
1148 2315 1185 2358 os
1202 2316 1303 2358 manu

252 2398 364 2461 nescio
388 2397 466 2479 quid
493 2407 636 2460 taetrum
661 2397 855 2474 exsibilauit,
881 2399 970 2481 quod
993 2410 1110 2480 postca
1135 2400 1302 2464 Graecum

200 2536 228 2566 ω
251 2523 325 2565 esse
342 2501 536 2564 affirmabat.

296 2627 357 2669 nec
373 2626 440 2668 non
457 2603 659 2667 Trimalchio
675 2604 747 2686 ipse
763 2625 838 2668 cum
854 2605 1019 2668 tubicines
1035 2616 1124 2670 esset
1143 2605 1301 2683 imitatus,

252 2712 293 2772 ad
325 2709 460 2773 delicias
491 2729 569 2771 suas
600 2709 753 2791 respexit,
782 2729 881 2791 quem
910 2711 1070 2774 Croesum
1098 2710 1300 2792 appellabat.

252 2835 335 2894 puer
369 2823 480 2876 autem
519 2812 639 2894 lippus,
677 2812 911 2876 sordidissimis
945 2813 1110 2889 dentibus,
1146 2815 1300 2877 catellam

251 2918 380 2998 nigram
405 2926 505 2999 atque
532 2916 726 2978 indecenter
752 2915 910 2998 pinguem
942 2918 1076 2998 prasina
1107 2917 1301 2980 inuoluebat

198 3054 225 3100 25
251 3021 356 3084 fascia
379 3041 568 3102 panemque
592 3019 765 3083 semissem
789 3021 935 3102 ponebat
956 3041 1057 3103 super
1071 3032 1180 3084 torum
1199 3031 1300 3104 atque

255 3122 353 3209 [hac]
385 3145 510 3187 nausea
541 3134 751 3187 recusantem
782 3124 966 3206 saginabat.
1014 3146 1079 3207 quo
1110 3125 1300 3188 admonitus

251 3228 349 3292 officii
376 3228 579 3291 Trimalchio
608 3229 783 3312 Scylacem
810 3228 905 3290 iussit
933 3228 1052 3291 adduci
1079 3228 1299 3310 ‘praesidium

251 3333 369 3396 domus
392 3331 625 3414 familiaeque!
673 3353 735 3395 nec
755 3352 855 3404 mora,
874 3332 1020 3413 ingentis
1036 3332 1163 3394 formae
1180 3332 1300 3395 adduc-

250 3446 304 3499 tus
321 3445 371 3499 est
387 3435 479 3498 canis
496 3445 615 3498 catena
631 3435 772 3511 uinctus,
786 3435 1041 3518 admonitusque
1058 3435 1181 3498 ostiarii
1197 3435 1297 3509 calce,

197 3573 226 3616 30
250 3550 287 3603 ut
318 3539 461 3611 cubaret,
488 3550 565 3601 ante
593 3559 742 3601 mensam
771 3559 805 3601 se
834 3540 951 3620 posuit.
999 3550 1069 3602 tum
1097 3539 1299 3602 Trimalchio

250 3643 377 3705 iactans
402 3641 579 3703 candidum
603 3662 724 3722 panem
746 3642 879 3704 ‘nemo'
901 3641 1008 3723 inquit
1026 3641 1077 3702 ‘in
1101 3643 1200 3704 domo
1224 3661 1299 3704 mea
