2926 4232
196 292 240 371 64
460 303 672 353 FRAGMENTS
695 303 741 352 or
763 303 890 353 nounn
914 303 1040 352 sunna

481 455 505 508 A
519 456 596 525 plain
609 457 674 526 roos
682 457 705 509 is
718 457 795 509 better
807 457 870 510 llum
883 473 900 508 a
908 457 1016 526 palace.

200 594 273 652 133.
350 575 384 638 in
402 574 553 639 cubiculo
570 576 712 639 dormire
730 576 862 639 mallem
880 575 1051 657 simplicei‚
1069 586 1168 657 potus
1186 577 1301 640 uinum

306 699 417 743 meum
434 678 603 755 cibarium,
621 700 721 763 quarn
738 679 850 760 regiae
866 679 1020 742 dominus
1036 677 1158 743 cubare
1175 680 1207 742 in
1232 731 1237 742 .
1263 731 1268 742 .
1293 731 1299 742 .

1114 783 1187 835 Non.
1200 797 1244 850 93.
1262 797 1301 833 11.

352 889 391 941 To
403 889 454 941 live
467 890 612 959 accordinq
625 899 649 941 to
663 890 717 940 ‘tlte
729 889 825 958 poldon
838 889 929 941 meun'
943 889 966 940 is
979 898 1003 942 to
1015 889 1065 941 live
1078 890 1144 941 well.

200 1027 272 1086 134.
350 1028 417 1070 non
435 1028 493 1072 eos
513 1019 649 1090 optume
671 1007 793 1070 uixisse
813 1007 871 1089 qui
891 1007 1077 1071 diutissime
1100 1008 1222 1083 uixent,
1241 1010 1300 1072 sed

306 1112 362 1195 qui
378 1112 630 1175 modestissime.
1113 1139 1187 1204 Non,
1202 1153 1243 1207 55,
1259 1154 1300 1208 ²9·

200 1270 272 1333 135.
306 1253 386 1336 quid
403 1253 491 1316 aliud
508 1263 558 1316 est
575 1253 663 1335 quod

352 1363 359 1388 ‘
372 1357 536 1438 Delphice
553 1355 642 1420 canit
658 1357 813 1428 columna
828 1355 945 1420 litteris
961 1356 1030 1419 suls
1041 1352 1151 1436 ”Anao

352 1455 469 1537 Μηθέν
480 1462 485 1484 ’

307 1585 407 1648 quam
425 1585 485 1627 nos
501 1565 612 1627 facere
628 1563 670 1626 ad
687 1565 861 1626 mortalem
877 1565 1022 1639 modum,
1041 1564 1277 1641 ‘medioxime,’

259 1693 273 1747 5
307 1677 345 1732 ut
360 1668 528 1750 quondam
545 1677 657 1749 patres
674 1667 777 1730 nostri
793 1668 1035 1752 loquebantur?

767 1847 770 1852 μ
847 1770 920 1821 Non.
937 1783 1040 1837 141.3;
1061 1769 1135 1822 Paul.
1150 1770 1223 1824 Fest.
1240 1785 1299 1838 123.

423 2007 540 2053 NESCIS
563 2007 647 2064 QVID
672 2007 803 2052 VESPER
827 2007 933 2052 SERVS
957 2007 1075 2052 VEHAT

201 2125 274 2199 136.
355 2118 597 2206 [lepidissimus
610 2121 692 2185 liber
704 2132 754 2184 est
769 2123 814 2185 M.
827 2123 987 2186 Varronis
1000 2143 1040 2186 ex
1050 2123 1159 2186 satiris
1171 2123 1301 2205 Menip-

307 2227 389 2308 peis
406 2227 463 2308 qui
479 2225 667 2288 inscribitur
684 2226 811 2288 ‘nescis
828 2226 906 2308 quid
926 2247 1047 2308 uesper
1063 2247 1157 2290 serus
1176 2228 1299 2301 uehat‚'

307 2330 340 2392 in
367 2351 432 2412 quo
461 2330 592 2392 disserit
619 2330 660 2392 de
684 2340 763 2410 apto
788 2330 1003 2392 conuiuarum
1028 2351 1168 2394 numero
1191 2331 1300 2411 deque

307 2434 411 2516 ipsius
434 2433 578 2498 conuiuii
603 2433 717 2496 habitu
739 2434 904 2516 cultuque.
952 2434 1031 2497 dicit
1052 2444 1173 2509 autem,
1191 2434 1300 2497 conui-

259 2563 272 2617 ς
307 2558 424 2600 uarum
446 2558 620 2600 numerum
641 2537 787 2619 incipere
809 2547 961 2618 oportere
985 2558 1005 2599 a
1029 2538 1218 2602 Gratiarum
1242 2558 1300 2600 nu-

306 2663 397 2705 mero
422 2651 455 2704 et
480 2641 635 2722 progredi
660 2641 703 2703 ad
730 2642 913 2716 Musarum,
941 2641 973 2704 id
1004 2651 1055 2704 est
1085 2641 1249 2723 proficisci
1280 2663 1299 2704 a

305 2747 411 2809 tribus
442 2755 475 2808 et
506 2744 687 2808 consistere
715 2744 748 2806 in
776 2765 907 2820 nouem,
932 2755 977 2820 ut,
1004 2765 1079 2809 cum
1107 2745 1300 2827 paucissimi

306 2849 467 2913 conuiuae
492 2858 579 2924 sunt,
607 2869 673 2911 non
701 2848 873 2930 pauciores
899 2849 965 2912 sint
992 2870 1092 2931 quarn
1119 2858 1197 2924 tres
1222 2869 1298 2912 cum

306 2953 446 3035 plurimi,
475 2974 542 3015 non
574 2953 686 3033 plures
717 2973 817 3034 quarn
849 2973 978 3015 nouem.
1028 2959 1124 3015 ‘nam
1155 2953 1297 3024 multos’

241 3084 271 3121 ro
306 3057 421 3140 inquit,
452 3063 543 3120 ‘esse
572 3078 638 3120 non
665 3055 831 3130 conuenit,
858 3057 947 3138 quod
974 3056 1071 3120 turba
1102 3057 1298 3138 plerumque

305 3171 356 3224 est
371 3160 561 3224 turbulenta
578 3170 611 3224 et
629 3161 757 3223 Romae
778 3160 910 3242 quidem
934 3171 1008 3236 stat,
1026 3161 1120 3224 sedet
1141 3160 1296 3235 Athenis,

304 3285 470 3347 nusquam
494 3275 604 3326 autem
630 3264 748 3327 cubat'
798 3264 936 3346 ‘ipsum'
956 3264 1076 3327 deinde
1107 3263 1296 3327 conuiuium

304 3370 454 3444 constat,'
478 3368 593 3450 inquit,
619 3373 676 3430 ‘ex
700 3367 799 3456 rebus
823 3377 979 3450 quattuor
1002 3377 1035 3430 et
1058 3377 1129 3430 tum
1153 3367 1297 3448 denique

304 3473 457 3537 omnibus
475 3473 543 3536 suis
560 3472 705 3535 numeris
725 3471 913 3534 absolutum
937 3481 996 3546 est,
1015 3471 1041 3534 si
1061 3470 1139 3534 belli
1161 3472 1298 3534 homun-

240 3603 269 3657 15
305 3578 369 3641 culi
386 3577 526 3639 conlecti
544 3586 629 3650 sunt,
648 3575 675 3637 si
691 3576 816 3637 electus
838 3575 938 3648 locus
957 3575 984 3636 si
1008 3585 1140 3657 tempus
1164 3575 1295 3648 lectum,

304 3680 332 3743 si
353 3689 534 3761 apparatus
554 3699 620 3739 non
642 3678 834 3757 neglectus.¹
884 3682 961 3739 ‘nec
983 3678 1139 3758 loquaces
1163 3677 1295 3752 autem,’
