2926 4232
195 269 236 332 88
458 277 668 326 rnncnnnrs
691 278 737 326 or
759 249 886 327 rionnn
909 279 1035 328 sarnus

246 433 374 498 tissima
389 434 551 516 expressit
567 433 833 515 imprudentibus
850 435 960 498 risum.
1009 437 1109 517 pallio
1125 437 1214 502 enim
1227 460 1299 504 coc·

246 537 340 602 cineo
364 538 519 600 adrasum
540 539 725 601 excluserat
743 548 844 620 caput
861 539 1014 622 circaque
1030 551 1186 604 oneratas
1202 553 1298 606 ueste

246 641 393 706 ceruices
421 641 621 704 laticlauiam
653 641 835 705 immiserat
862 663 1019 724 mappam
1051 645 1187 709 fimbriis
1219 647 1298 711 hinc

246 755 347 827 atque
377 745 466 808 illinc
498 745 731 827 pendentibus
787 746 932 810 habebat
962 748 1063 811 etiam
1094 749 1127 812 in
1159 751 1298 814 minimo

208 879 222 926 ς
246 849 349 930 digito
377 849 531 914 sinistrae
561 869 680 912 manus
710 850 846 912 anulum
877 851 1040 931 grandem
1068 853 1296 931 subauratum,

246 963 393 1016 extremo
416 973 496 1018 uero
515 952 655 1016 articulo
674 952 770 1034 digiti
786 955 957 1036 sequentis
974 956 1145 1033 minorem,
1163 967 1200 1021 ut
1216 959 1299 1022 mihi

246 1057 430 1133 uidebatur,
447 1065 554 1119 totum
572 1076 718 1132 aureum,
737 1056 796 1120 sed
813 1058 913 1139 plane
932 1059 1050 1123 {erreis
1069 1061 1173 1124 ueluti
1191 1064 1298 1126 stellis

246 1160 509 1225 ferruminatum.
556 1169 590 1224 et
620 1180 662 1224 ne
693 1161 754 1224 has
780 1169 912 1224 tantum
938 1163 1129 1228 ostenderet
1153 1165 1296 1242 diuitias,

246 1264 397 1327 dextrum
421 1264 559 1328 nudauit
582 1265 744 1328 lacertum
767 1265 894 1328 armilla
912 1287 1013 1330 aurea
1031 1269 1156 1331 cultum
1172 1279 1207 1333 et
1222 1263 1299 1334 ebo·

196 1400 224 1434 10
246 1388 302 1431 reo
326 1368 447 1432 circulo
471 1368 593 1430 lamina
617 1368 816 1450 splendente
837 1389 972 1434 conexo.
1042 1389 1095 1448 33.
1122 1382 1159 1435 ut
1175 1372 1297 1437 deinde

247 1472 350 1555 pinna
369 1481 530 1554 argentea
545 1471 664 1536 dentes
680 1472 833 1553 perfodit,
852 1473 985 1538 ‘amici'
1003 1474 1110 1558 inquit
1127 1477 1297 1540 ‘nondum

247 1576 327 1638 mihi
349 1596 452 1639 suaue
475 1586 547 1640 erat
569 1576 602 1638 in
625 1575 804 1639 triclinium
826 1577 949 1654 uenire,
968 1579 1027 1644 sed
1044 1599 1085 1642 ne
1101 1579 1226 1644 diutius
1243 1582 1298 1644 ab

246 1680 395 1744 sentiuos
418 1699 531 1743 morae
558 1679 653 1743 uobis
679 1701 797 1757 essem,
821 1701 955 1745 omnem
982 1684 1189 1765 uoluptatem
1216 1685 1298 1748 mihi

246 1784 376 1866 negaui.
424 1783 622 1866 permittetis
652 1793 765 1848 tamen
796 1782 881 1852 liniri
911 1785 1040 1848 lusum!
1096 1787 1298 1869 sequebatur

196 1917 223 1965 ις
246 1909 330 1970 puer
357 1908 432 1952 cum
460 1887 573 1950 tabula
603 1887 828 1952 terebinthina
857 1898 891 1952 et
921 1890 1120 1974 crystallinis
1150 1893 1295 1968 tesseris,

246 1991 427 2074 notauique
458 2011 527 2054 rem
559 1991 706 2054 omnium
737 1991 1017 2056 delicatissimam.
1069 2014 1129 2076 pro
1160 1996 1297 2059 calculis

246 2095 334 2159 enim
354 2095 438 2158 albis
460 2115 498 2158 ac
518 2094 622 2176 nigris
641 2115 760 2158 aureos
776 2105 1021 2178 argenteosque
1038 2098 1183 2162 habebat
1199 2099 1297 2164 dena-

246 2199 321 2262 rios.
368 2199 499 2263 interim
526 2199 606 2262 dum
636 2199 691 2262 ille
722 2199 870 2262 omniurn
900 2209 1064 2264 textorum
1096 2203 1185 2266 dicta
1211 2203 1298 2267 inter

246 2302 355 2366 lusum
379 2303 552 2378 consumit,
577 2303 788 2384 gustantibus
811 2303 921 2368 adhuc
944 2305 1039 2368 nobis
1063 2307 1296 2387 repositorium

194 2439 223 2471 ω
246 2407 383 2470 allatum
404 2417 455 2470 est
475 2427 550 2470 cum
569 2407 677 2482 corbe,
695 2406 727 2468 in
745 2427 811 2489 quo
827 2407 952 2488 gallina
968 2418 1039 2471 erat
1055 2409 1167 2490 lignea
1183 2421 1297 2492 paten-

245 2510 334 2574 tibus
361 2511 394 2574 in
422 2510 537 2574 orbem
563 2509 633 2586 alis,
658 2510 773 2592 quales
798 2531 872 2574 esse
896 2512 1004 2575 solent
1027 2533 1113 2594 quae
1136 2505 1297 2578 incubant

246 2635 318 2678 oua.
366 2634 536 2678 accessere
559 2614 716 2678 continuo
740 2615 806 2677 duo
830 2615 918 2678 serui
940 2626 974 2679 et
997 2618 1197 2701 symphonia
1218 2629 1297 2684 stre-

247 2728 348 2802 pente
361 2718 500 2782 scrutari
516 2718 647 2800 paleam
663 2728 847 2800 coeperunt
862 2729 1023 2802 erutaque
1040 2720 1180 2785 subinde
1197 2744 1296 2804 pauo-

246 2823 325 2886 nina
348 2843 412 2886 oua
433 2821 576 2886 diuisere
592 2821 749 2885 conuiuis.
798 2823 962 2886 conuertit
978 2824 1020 2886 ad
1037 2825 1122 2888 hanc
1139 2846 1295 2890 scaenam

117 2951 118 2954 ¹
194 2955 222 3002 25
246 2927 448 2990 Trimalchio
472 2928 600 2990 uultum
624 2935 657 2989 et
675 2925 807 2990 ‘amici’
826 2927 872 2990 ait
889 2927 1048 3009 ‘pauonis
1068 2949 1132 2992 oua
1151 2931 1295 3012 gallinae

246 3031 327 3094 iussi
357 3029 509 3112 supponi.
558 3039 592 3093 et
618 3030 826 3093 mehercules
853 3030 954 3094 timeo
981 3051 1024 3094 ne
1048 3031 1114 3095 iam
1141 3036 1295 3116 concepti

246 3134 330 3211 sint;
356 3143 558 3216 temptemus
581 3143 704 3211 tamen,
729 3133 757 3196 si
780 3134 890 3224 adhuc
914 3135 1047 3198 sorbilia
1070 3139 1167 3200 sunt.'
1214 3139 1296 3201 acci-

247 3238 356 3320 pimus
378 3259 438 3301 nos
460 3237 645 3301 cochlearia
661 3258 727 3300 non
745 3237 854 3300 minus
870 3238 1008 3302 selibras
1024 3240 1205 3322 pendentia
1221 3262 1295 3304 oua-

246 3363 311 3425 que
327 3363 367 3406 ex
383 3341 491 3405 farina
507 3341 623 3423 pingui
639 3341 781 3423 figurata
798 3343 1037 3422 pertundimus.
1085 3364 1148 3425 ego
1161 3345 1293 3426 quidem

194 3476 224 3522 30
247 3465 355 3529 paene
378 3445 502 3527 proieci
525 3454 653 3526 partem
677 3465 795 3521 meam,
820 3465 897 3508 nam
922 3446 1097 3510 uidebatur
1122 3448 1203 3510 mihi
1229 3449 1294 3512 iam

247 3551 280 3613 in
304 3550 430 3632 pullum
454 3549 569 3612 coisse.
617 3548 737 3611 deinde
753 3558 789 3610 ut
806 3549 918 3610 audiui
934 3561 1081 3612 ueterem
1098 3552 1294 3616 conuiuam:

248 3653 317 3717 ‘hic
341 3653 453 3716 nescio
477 3652 556 3734 quid
580 3651 658 3714 boni
681 3650 781 3714 debet
803 3653 897 3727 esse,’
918 3664 1112 3734 persecutus
1136 3664 1295 3736 putamen
