2934 4236
625 251 794 299 APVLEIVS
1202 255 1262 320 149

198 406 408 470 inhumanae
439 427 576 470 mensae
610 407 746 470 lautitiis
779 427 836 470 eas
874 407 1012 490 opipare
1050 407 1175 482 reficit;
1214 417 1259 484 ut,

199 510 334 572 illarum
363 531 501 592 prorsus
528 511 720 574 caelestium
748 510 936 573 diuitiarum
964 511 1069 592 copiis
1099 511 1259 574 affluenti-

200 615 263 676 bus
283 615 437 690 satiatae,
455 615 521 677 iam
542 615 743 696 praecordiis
762 615 895 696 penitus
911 613 1074 678 nutrirent
1091 615 1257 678 inuidiam.

200 719 350 801 denique
375 719 481 781 altera
501 739 616 781 earum
641 719 720 782 satis
748 719 941 800 scrupulose
968 719 1161 801 curioseque
1189 739 1260 800 per·

163 852 175 894 3
200 823 332 885 contari
348 843 418 886 non
434 823 565 898 desinit,
583 822 657 904 quis
673 822 801 886 illarum
818 823 1010 886 caelestium
1030 842 1138 886 rerum
1159 821 1259 886 domi·

200 948 273 1002 nus,
299 927 420 1008 quisue
448 927 501 989 uel
528 926 637 1009 qualis
663 926 767 1008 ipsius
791 927 833 990 sit
856 927 1001 990 maritus.
1060 947 1122 990 nec
1146 937 1258 990 tamen

202 1031 335 1114 Psyche
357 1030 535 1112 coniugale
558 1030 638 1093 illud
660 1041 876 1112 praeceptum
899 1031 965 1094 ullo
986 1041 1085 1113 pacto
1108 1039 1257 1106 temerat,

200 1135 255 1196 uel
272 1134 421 1217 pectoris
444 1134 575 1197 arcanis
593 1133 703 1216 exigit,
721 1134 780 1197 sed
802 1153 820 1196 e
841 1154 877 1197 re
900 1143 979 1196 nata
1002 1133 1163 1216 confingit
1185 1155 1258 1197 esse

199 1238 360 1301 iuuenem
384 1238 552 1319 quendam
576 1247 610 1300 et
636 1237 824 1320 speciosum
852 1248 886 1301 et
908 1239 1118 1300 commodum
1143 1238 1258 1300 lanoso

147 1371 176 1401 ιο
198 1342 345 1404 barbitio
370 1361 475 1424 genas
499 1341 745 1404 inumbrantem
770 1341 966 1423 plerumque
992 1341 1192 1405 rurestribus
1220 1362 1257 1404 ac

198 1447 373 1508 montanis
400 1445 578 1508 uenatibus
604 1455 814 1526 occupatum.
861 1455 904 1520 et,
934 1465 975 1508 ne
1003 1465 1069 1527 qua
1096 1446 1257 1508 sermonis

195 1550 418 1631 procedentis
448 1549 523 1612 labe
554 1549 728 1612 consilium
762 1548 900 1612 tacitum
939 1548 1143 1630 proderetur,
1177 1569 1257 1612 auro

197 1656 293 1717 facto
310 1653 559 1735 gemmosisque
575 1653 753 1716 monilibus
772 1663 910 1716 onustas
929 1673 987 1715 eas
1006 1653 1117 1716 statim
1138 1665 1257 1716 uocato

199 1759 362 1842 Zephyro
385 1757 486 1820 tradit
509 1757 738 1838 reportandas.
807 1777 840 1838 9.
866 1777 932 1839 quo
956 1767 1115 1838 protenus
1143 1778 1258 1838 perpe-

145 1891 172 1933 13
198 1873 289 1924 trato
318 1882 448 1925 sorores
475 1861 631 1943 egregiae
658 1861 793 1924 domum
818 1861 997 1924 redeuntes
1025 1861 1156 1942 iamque
1183 1861 1258 1941 glis-

198 1966 309 2028 centis
325 1965 471 2028 inuidiae
492 1965 572 2028 felle
591 1965 772 2046 flagrantes
791 1964 895 2028 multa
915 1985 1027 2028 secum
1050 1965 1257 2028 sermonibus

199 2070 327 2132 mutuis
358 2067 621 2150 perstrepebant.
680 2069 726 2132 sic
757 2068 901 2152 denique
932 2068 1005 2132 infit
1035 2069 1158 2132 altera:
1197 2075 1256 2131 ‘en

200 2174 285 2234 orba
301 2183 334 2234 et
351 2193 453 2235 saeua
468 2183 502 2235 et
518 2172 630 2254 iniqua
647 2173 800 2236 fortuna!
826 2172 945 2236 hocine
966 2173 1025 2236 tibi
1046 2174 1255 2254 complacuit,

200 2287 237 2338 ut
265 2286 407 2358 utroque
433 2285 572 2357 parente
597 2286 782 2358 prognatae
813 2276 978 2340 diuersam
1010 2287 1132 2339 sortem
1164 2278 1257 2340 susti-

144 2412 175 2440 ω
201 2380 382 2442 neremus?
428 2389 462 2442 et
488 2399 549 2442 nos
576 2380 720 2462 quidem,
745 2400 830 2462 quae
854 2390 935 2443 natu
962 2381 1104 2444 maiores
1132 2403 1253 2458 sumus,

201 2484 329 2546 maritis
346 2483 486 2546 aduenis
503 2483 642 2546 ancillae
661 2483 802 2559 deditae,
820 2494 967 2548 extorres
986 2495 1020 2548 et
1041 2485 1108 2548 lare
1130 2495 1163 2548 et
1184 2485 1257 2566 ipsa

203 2587 311 2668 patria
330 2587 500 2667 degamus,
519 2587 617 2668 longe
642 2597 818 2668 parentum
842 2589 934 2652 uelut
957 2589 1147 2664 exulantes;
1173 2589 1255 2652 haee

203 2701 315 2753 autem
337 2691 526 2766 nouissima,
544 2711 644 2773 quam
668 2693 741 2754 fetu
766 2692 907 2755 satiante
931 2703 1119 2774 postremus
1141 2702 1256 2773 partus

202 2795 333 2870 effudit,
351 2795 452 2857 tantis
472 2793 591 2876 opibus
610 2804 643 2857 et
662 2795 725 2858 deo
747 2796 864 2859 marito
888 2797 993 2877 potita
1016 2796 1067 2870 sit,
1085 2817 1169 2878 quae
1194 2817 1255 2860 nec

146 2928 175 2974 25
201 2899 251 2961 uti
281 2907 371 2961 recte
400 2907 495 2960 tanta
525 2898 688 2962 bonorum
719 2899 815 2980 eopia
846 2900 961 2963 nouit?
1007 2900 1127 2975 uidisti,
1153 2921 1253 2976 soror,

202 3012 329 3084 quanta
351 3001 385 3064 in
409 3002 508 3064 domo
531 3001 650 3077 iacent,
669 3012 702 3065 et
725 3003 836 3085 qualia
859 3003 1001 3078 monilia,
1019 3025 1104 3086 quae
1128 3005 1256 3085 praeni-

201 3115 275 3170 tent
285 3115 405 3181 uestes,
418 3112 503 3188 quae
515 3106 722 3187 splenditant
734 3127 896 3187 gemmae,
908 3118 1069 3188 quantum
1083 3117 1256 3189 praeterea

202 3209 329 3291 passim
356 3209 502 3272 calcatur
533 3229 658 3272 aurum.
706 3210 795 3292 quod
823 3210 850 3272 si
877 3211 1031 3273 maritum
1059 3212 1158 3274 etiam
1186 3223 1254 3274 tam

202 3314 411 3376 formonsum
439 3322 531 3376 tenet
557 3323 595 3376 ut
621 3313 772 3389 affirmat,
797 3314 889 3376 nulla
912 3336 1001 3378 nunc
1025 3315 1058 3377 in
1082 3316 1162 3379 orbe
1185 3325 1255 3379 toto

148 3449 179 3493 30
202 3417 332 3481 felicior
352 3417 443 3480 uiuit.
490 3417 643 3480 fortassis
659 3427 771 3481 tamen
789 3419 992 3499 procedente
1014 3419 1254 3482 consuetudine

202 3533 237 3584 et
252 3522 440 3584 adfectione
460 3521 615 3584 roborata
634 3521 731 3584 deam
750 3542 883 3604 quoque
905 3522 994 3584 illam
1016 3523 1098 3585 deus
1117 3523 1255 3586 maritus

203 3625 331 3720 efficiet.
388 3626 434 3688 sic
466 3635 517 3688 est
548 3624 717 3688 hercules:
749 3625 795 3688 sic
823 3646 859 3688 se
886 3626 1023 3706 gerebat
1048 3626 1252 3708 ferebatque.
