<?xml version="1.0" encoding="UTF-8"?>
<!DOCTYPE html PUBLIC "-//W3C//DTD XHTML 1.0 Transitional//EN"
    "http://www.w3.org/TR/xhtml1/DTD/xhtml1-transitional.dtd">
<html xmlns="http://www.w3.org/1999/xhtml" xml:lang="en" lang="en">
 <head>
  <title>
</title>
<meta http-equiv="Content-Type" content="text/html;charset=utf-8" />
  <meta name='ocr-system' content='tesseract 3.04.00' />
  <meta name='ocr-capabilities' content='ocr_page ocr_carea ocr_par ocr_line ocrx_word'/>
</head>
<body>
  <div class='ocr_page' id='page_1' title='image "./fragmentsromans01unkngoog_0047.png"; bbox 0 0 2926 4232; ppageno 0'>
   <div class='ocr_carea' id='block_1_1' title="bbox 179 219 1018 288">
    <p class='ocr_par' dir='ltr' id='par_1_1' title="bbox 179 219 1018 288">
     <span class='ocr_line' id='line_1_1' title="bbox 179 219 1018 288; baseline -0.006 -16"><span class='ocrx_word' id='word_1_1' title='bbox 179 224 224 288; x_wconf 91' lang='grc'><strong>40</strong></span> <span class='ocrx_word' id='word_1_2' title='bbox 442 219 653 268; x_wconf 72' lang='lat' dir='ltr'>FRAGMEN&#39;IS</span> <span class='ocrx_word' id='word_1_3' title='bbox 675 219 720 268; x_wconf 86' lang='lat' dir='ltr'><strong>OF</strong></span> <span class='ocrx_word' id='word_1_4' title='bbox 743 219 869 267; x_wconf 83' lang='lat' dir='ltr'>ROMAN</span> <span class='ocrx_word' id='word_1_5' title='bbox 893 219 1018 268; x_wconf 81' lang='lat' dir='ltr'>SATIRE</span> 
     </span>
    </p>
   </div>
   <div class='ocr_carea' id='block_1_2' title="bbox 551 371 909 440">
    <p class='ocr_par' dir='ltr' id='par_1_2' title="bbox 551 371 909 440">
     <span class='ocr_line' id='line_1_2' title="bbox 551 371 909 440; baseline -0.003 -17"><span class='ocrx_word' id='word_1_6' title='bbox 551 371 616 440; x_wconf 86' lang='lat' dir='ltr'><strong>Osa</strong></span> <span class='ocrx_word' id='word_1_7' title='bbox 629 372 734 440; x_wconf 76' lang='lat' dir='ltr'><strong>luuyry</strong></span> <span class='ocrx_word' id='word_1_8' title='bbox 742 371 909 440; x_wconf 55' lang='lat' dir='ltr'><strong>pertualdi)</strong></span> 
     </span>
    </p>
   </div>
   <div class='ocr_carea' id='block_1_3' title="bbox 183 485 1282 762">
    <p class='ocr_par' dir='ltr' id='par_1_3' title="bbox 183 485 1282 762">
     <span class='ocr_line' id='line_1_3' title="bbox 183 485 1105 566; baseline -0.001 -16"><span class='ocrx_word' id='word_1_9' title='bbox 183 489 255 566; x_wconf 84' lang='lat'><strong>176.</strong></span> <span class='ocrx_word' id='word_1_10' title='bbox 288 486 400 550; x_wconf 91' lang='lat' dir='ltr'><strong>omnia</strong></span> <span class='ocrx_word' id='word_1_11' title='bbox 415 485 557 548; x_wconf 91' lang='lat' dir='ltr'><strong>uescatis</strong></span> <span class='ocrx_word' id='word_1_12' title='bbox 575 485 727 548; x_wconf 89' lang='lat' dir='ltr'><strong>manibus</strong></span> <span class='ocrx_word' id='word_1_13' title='bbox 743 487 841 566; x_wconf 87' lang='lat' dir='ltr'><strong>leget,</strong></span> <span class='ocrx_word' id='word_1_14' title='bbox 860 486 971 548; x_wconf 90' lang='lat' dir='ltr'><strong>omnia</strong></span> <span class='ocrx_word' id='word_1_15' title='bbox 987 496 1105 562; x_wconf 86' lang='lat' dir='ltr'><strong>sumet,</strong></span> 
     </span>
     <span class='ocr_line' id='line_1_4' title="bbox 288 589 1190 672; baseline -0.001 -18"><span class='ocrx_word' id='word_1_16' title='bbox 288 590 386 654; x_wconf 88' lang='lat' dir='ltr'><strong>crede</strong></span> <span class='ocrx_word' id='word_1_17' title='bbox 401 589 490 652; x_wconf 90' lang='lat' dir='ltr'><strong>mihi.</strong></span> <span class='ocrx_word' id='word_1_18' title='bbox 538 609 653 672; x_wconf 86' lang='lat' dir='ltr'>presse</span> <span class='ocrx_word' id='word_1_19' title='bbox 670 600 706 652; x_wconf 88' lang='lat' dir='ltr'><strong>ut</strong></span> <span class='ocrx_word' id='word_1_20' title='bbox 722 589 839 664; x_wconf 88' lang='lat' dir='ltr'><strong>dicam,</strong></span> <span class='ocrx_word' id='word_1_21' title='bbox 857 610 910 651; x_wconf 88' lang='lat' dir='ltr'><strong>res</strong></span> <span class='ocrx_word' id='word_1_22' title='bbox 927 590 1058 652; x_wconf 81' lang='lat' dir='ltr'><strong>auferet</strong></span> <span class='ocrx_word' id='word_1_23' title='bbox 1074 590 1190 654; x_wconf 87' lang='lat' dir='ltr'><strong>omnis.</strong></span> 
     </span>
     <span class='ocr_line' id='line_1_5' title="bbox 809 693 1282 762; baseline 0.008 -4"><span class='ocrx_word' id='word_1_24' title='bbox 809 721 812 728; x_wconf 93' lang='lat'>·</span> <span class='ocrx_word' id='word_1_25' title='bbox 922 693 1282 762; x_wconf 79' lang='lat' dir='ltr'>Non-³95·32;332·25·</span> 
     </span>
    </p>
   </div>
   <div class='ocr_carea' id='block_1_4' title="bbox 334 865 1122 1059">
    <p class='ocr_par' dir='ltr' id='par_1_4' title="bbox 334 865 1122 1059">
     <span class='ocr_line' id='line_1_6' title="bbox 567 865 888 928; baseline -0.003 -1"><span class='ocrx_word' id='word_1_26' title='bbox 567 865 677 928; x_wconf 75' lang='lat' dir='ltr'><strong>Lraure</strong></span> <span class='ocrx_word' id='word_1_27' title='bbox 701 865 888 928; x_wconf 93' lang='lat' dir='ltr'>XXVIIII.</span> 
     </span>
     <span class='ocr_line' id='line_1_7' title="bbox 334 987 1122 1059; baseline 0 -19"><span class='ocrx_word' id='word_1_28' title='bbox 334 987 358 1040; x_wconf 81' lang='lat' dir='ltr'><em>A</em></span> <span class='ocrx_word' id='word_1_29' title='bbox 375 987 500 1040; x_wconf 81' lang='lat' dir='ltr'><strong>Luciliun</strong></span> <span class='ocrx_word' id='word_1_30' title='bbox 510 988 585 1057; x_wconf 85' lang='lat' dir='ltr'><strong>surm</strong></span> <span class='ocrx_word' id='word_1_31' title='bbox 597 989 632 1057; x_wconf 85' lang='lat' dir='ltr'><strong>os</strong></span> <span class='ocrx_word' id='word_1_32' title='bbox 641 989 807 1056; x_wconf 75' lang='lat' dir='ltr'><strong>deprecativa</strong></span> <span class='ocrx_word' id='word_1_33' title='bbox 815 1005 825 1050; x_wconf 90' lang='lat'><strong>,·</strong></span> <span class='ocrx_word' id='word_1_34' title='bbox 842 988 878 1057; x_wconf 91' lang='lat' dir='ltr'><strong>cs.</strong></span> <span class='ocrx_word' id='word_1_35' title='bbox 892 988 950 1040; x_wconf 81' lang='lat' dir='ltr'><strong>witlr</strong></span> <span class='ocrx_word' id='word_1_36' title='bbox 965 988 1049 1059; x_wconf 71' lang='lat' dir='ltr'><strong>Fruy.</strong></span> <span class='ocrx_word' id='word_1_37' title='bbox 1065 993 1122 1049; x_wconf 66' lang='lat'><strong>146.</strong></span> 
     </span>
    </p>
   </div>
   <div class='ocr_carea' id='block_1_5' title="bbox 180 1103 1282 1228">
    <p class='ocr_par' dir='ltr' id='par_1_5' title="bbox 180 1103 1282 1228">
     <span class='ocr_line' id='line_1_8' title="bbox 180 1103 1282 1228; baseline 0.02 -68"><span class='ocrx_word' id='word_1_38' title='bbox 180 1121 253 1182; x_wconf 86' lang='lat'><strong>177.</strong></span> <span class='ocrx_word' id='word_1_39' title='bbox 286 1103 386 1166; x_wconf 90' lang='lat' dir='ltr'><strong>deum</strong></span> <span class='ocrx_word' id='word_1_40' title='bbox 403 1104 459 1166; x_wconf 87' lang='lat' dir='ltr'><strong>re&#39;x</strong></span> <span class='ocrx_word' id='word_1_41' title='bbox 475 1113 603 1166; x_wconf 88' lang='lat' dir='ltr'><strong>auertat</strong></span> <span class='ocrx_word' id='word_1_42' title='bbox 621 1103 722 1166; x_wconf 74' lang='lat' dir='ltr'><strong>uerba</strong></span> <span class='ocrx_word' id='word_1_43' title='bbox 738 1103 905 1166; x_wconf 86' lang='lat' dir='ltr'><strong>obscaena</strong></span> <span class='ocrx_word' id='word_1_44' title='bbox 928 1152 934 1165; x_wconf 93' lang='lat'><strong>.</strong></span> <span class='ocrx_word' id='word_1_45' title='bbox 961 1153 967 1166; x_wconf 92' lang='lat'><strong>.</strong></span> <span class='ocrx_word' id='word_1_46' title='bbox 994 1153 1000 1166; x_wconf 92' lang='lat'><strong>.</strong></span> <span class='ocrx_word' id='word_1_47' title='bbox 1067 1161 1142 1212; x_wconf 86' lang='lat' dir='ltr'><strong>Non.</strong></span> <span class='ocrx_word' id='word_1_48' title='bbox 1157 1172 1282 1228; x_wconf 82' lang='lat'>357·11·</span> 
     </span>
    </p>
   </div>
   <div class='ocr_carea' id='block_1_6' title="bbox 468 1299 984 1369">
    <p class='ocr_par' dir='ltr' id='par_1_6' title="bbox 468 1299 984 1369">
     <span class='ocr_line' id='line_1_9' title="bbox 468 1299 984 1369; baseline 0 -17"><span class='ocrx_word' id='word_1_49' title='bbox 468 1301 492 1352; x_wconf 88' lang='lat' dir='ltr'><strong><em>A</em></strong></span> <span class='ocrx_word' id='word_1_50' title='bbox 509 1301 620 1368; x_wconf 85' lang='lat' dir='ltr'><strong>leopurd</strong></span> <span class='ocrx_word' id='word_1_51' title='bbox 632 1310 728 1353; x_wconf 79' lang='lat' dir='ltr'><strong>cannot</strong></span> <span class='ocrx_word' id='word_1_52' title='bbox 740 1301 840 1369; x_wconf 70' lang='lat' dir='ltr'><strong>clunpe</strong></span> <span class='ocrx_word' id='word_1_53' title='bbox 852 1299 893 1351; x_wconf 75' lang='lat' dir='ltr'><strong>lis</strong></span> <span class='ocrx_word' id='word_1_54' title='bbox 904 1300 984 1367; x_wconf 73' lang='lat' dir='ltr'><strong>spele.</strong></span> 
     </span>
    </p>
   </div>
   <div class='ocr_carea' id='block_1_7' title="bbox 179 1412 1282 1666">
    <p class='ocr_par' dir='ltr' id='par_1_7' title="bbox 179 1412 1282 1666">
     <span class='ocr_line' id='line_1_10' title="bbox 179 1412 1281 1499; baseline 0 -19"><span class='ocrx_word' id='word_1_55' title='bbox 179 1419 252 1495; x_wconf 86' lang='lat'><strong>178.</strong></span> <span class='ocrx_word' id='word_1_56' title='bbox 264 1414 449 1499; x_wconf 81' lang='lat' dir='ltr'><strong>*cupiditas</strong></span> <span class='ocrx_word' id='word_1_57' title='bbox 462 1435 502 1478; x_wconf 87' lang='lat' dir='ltr'><strong>ex</strong></span> <span class='ocrx_word' id='word_1_58' title='bbox 515 1413 648 1478; x_wconf 81' lang='lat' dir='ltr'><strong>h6mine</strong></span> <span class='ocrx_word' id='word_1_59' title='bbox 661 1415 782 1497; x_wconf 92' lang='lat' dir='ltr'><strong>cupido</strong></span> <span class='ocrx_word' id='word_1_60' title='bbox 795 1425 828 1476; x_wconf 92' lang='lat' dir='ltr'><strong>et</strong></span> <span class='ocrx_word' id='word_1_61' title='bbox 839 1412 939 1477; x_wconf 79' lang='lat' dir='ltr'><strong>stulto</strong></span> <span class='ocrx_word' id='word_1_62' title='bbox 950 1436 1132 1498; x_wconf 87' lang='lat' dir='ltr'><strong>numquam</strong></span> <span class='ocrx_word' id='word_1_63' title='bbox 1143 1415 1281 1481; x_wconf 82' lang='lat' dir='ltr'><strong>t6llitur.</strong></span> 
     </span>
     <span class='ocr_line' id='line_1_11' title="bbox 1066 1517 1282 1587; baseline 0.009 -17"><span class='ocrx_word' id='word_1_64' title='bbox 1066 1520 1141 1570; x_wconf 90' lang='lat' dir='ltr'><strong>Non.</strong></span> <span class='ocrx_word' id='word_1_65' title='bbox 1155 1517 1217 1585; x_wconf 89' lang='lat'>436.</span> <span class='ocrx_word' id='word_1_66' title='bbox 1234 1535 1282 1587; x_wconf 86' lang='lat'><strong>30.</strong></span> 
     </span>
     <span class='ocr_line' id='line_1_12' title="bbox 543 1613 908 1666; baseline -0.003 -1"><span class='ocrx_word' id='word_1_67' title='bbox 543 1615 661 1666; x_wconf 75' lang='lat' dir='ltr'><em>Another</em></span> <span class='ocrx_word' id='word_1_68' title='bbox 673 1614 709 1665; x_wconf 76' lang='lat' dir='ltr'><strong>lit</strong></span> <span class='ocrx_word' id='word_1_69' title='bbox 721 1622 749 1665; x_wconf 82' lang='lat' dir='ltr'><strong>al</strong></span> <span class='ocrx_word' id='word_1_70' title='bbox 762 1613 908 1666; x_wconf 77' lang='lat' dir='ltr'><strong>Pacuuius.</strong></span> 
     </span>
    </p>
   </div>
   <div class='ocr_carea' id='block_1_8' title="bbox 179 1727 1280 1899">
    <p class='ocr_par' dir='ltr' id='par_1_8' title="bbox 179 1727 1280 1899">
     <span class='ocr_line' id='line_1_13' title="bbox 179 1727 1235 1812; baseline -0.002 -17"><span class='ocrx_word' id='word_1_71' title='bbox 179 1749 251 1812; x_wconf 88' lang='lat'><strong>179.</strong></span> <span class='ocrx_word' id='word_1_72' title='bbox 284 1733 400 1794; x_wconf 73' lang='lat' dir='ltr'><strong>uerum</strong></span> <span class='ocrx_word' id='word_1_73' title='bbox 415 1730 518 1793; x_wconf 89' lang='lat' dir='ltr'><strong>tristis</strong></span> <span class='ocrx_word' id='word_1_74' title='bbox 535 1728 686 1793; x_wconf 78' lang='lat' dir='ltr'><strong>crintorto</strong></span> <span class='ocrx_word' id='word_1_75' title='bbox 705 1729 814 1812; x_wconf 90' lang='lat' dir='ltr'><strong>aliquo</strong></span> <span class='ocrx_word' id='word_1_76' title='bbox 830 1749 871 1792; x_wconf 87' lang='lat' dir='ltr'><strong>ex</strong></span> <span class='ocrx_word' id='word_1_77' title='bbox 888 1727 1077 1792; x_wconf 73' lang='lat' dir='ltr'><strong>Pacuuiano</strong></span> <span class='ocrx_word' id='word_1_78' title='bbox 1093 1728 1235 1793; x_wconf 74' lang='lat' dir='ltr'><strong>extirdiu</strong></span> 
     </span>
     <span class='ocr_line' id='line_1_14' title="bbox 1083 1832 1280 1899; baseline 0.015 -17"><span class='ocrx_word' id='word_1_79' title='bbox 1083 1832 1157 1884; x_wconf 92' lang='lat' dir='ltr'><strong>Non.</strong></span> <span class='ocrx_word' id='word_1_80' title='bbox 1173 1847 1217 1899; x_wconf 86' lang='lat'><strong>30.</strong></span> <span class='ocrx_word' id='word_1_81' title='bbox 1233 1847 1280 1885; x_wconf 87' lang='lat'><strong>22.</strong></span> 
     </span>
    </p>
   </div>
   <div class='ocr_carea' id='block_1_9' title="bbox 294 1939 1159 2008">
    <p class='ocr_par' dir='ltr' id='par_1_9' title="bbox 294 1939 1159 2008">
     <span class='ocr_line' id='line_1_15' title="bbox 294 1939 1159 2008; baseline -0.005 -16"><span class='ocrx_word' id='word_1_82' title='bbox 294 1940 414 1992; x_wconf 84' lang='lat' dir='ltr'><strong>Lucilius</strong></span> <span class='ocrx_word' id='word_1_83' title='bbox 426 1941 576 2007; x_wconf 83' lang='lat' dir='ltr'><strong>deprecates</strong></span> <span class='ocrx_word' id='word_1_84' title='bbox 589 1939 671 2008; x_wconf 76' lang='lat' dir='ltr'><strong>aquia</strong></span> <span class='ocrx_word' id='word_1_85' title='bbox 684 1941 724 1990; x_wconf 80' lang='lat' dir='ltr'><strong>tlte</strong></span> <span class='ocrx_word' id='word_1_86' title='bbox 737 1939 861 1990; x_wconf 79' lang='lat' dir='ltr'><strong>criticism</strong></span> <span class='ocrx_word' id='word_1_87' title='bbox 873 1939 908 2007; x_wconf 90' lang='lat' dir='ltr'><strong>os</strong></span> <span class='ocrx_word' id='word_1_88' title='bbox 914 1940 954 1990; x_wconf 78' lang='lat' dir='ltr'><strong>tlte</strong></span> <span class='ocrx_word' id='word_1_89' title='bbox 967 1947 1030 1990; x_wconf 80' lang='lat' dir='ltr'><strong>most</strong></span> <span class='ocrx_word' id='word_1_90' title='bbox 1042 1939 1159 1990; x_wconf 82' lang='lat' dir='ltr'><em>learned.</em></span> 
     </span>
    </p>
   </div>
   <div class='ocr_carea' id='block_1_10' title="bbox 178 2051 1278 2227">
    <p class='ocr_par' dir='ltr' id='par_1_10' title="bbox 178 2051 1278 2227">
     <span class='ocr_line' id='line_1_16' title="bbox 178 2051 1248 2134; baseline 0 -16"><span class='ocrx_word' id='word_1_91' title='bbox 178 2059 250 2120; x_wconf 89' lang='lat'><strong>180.</strong></span> <span class='ocrx_word' id='word_1_92' title='bbox 264 2054 433 2118; x_wconf 72' lang='lat' dir='ltr'><strong>*Persium</strong></span> <span class='ocrx_word' id='word_1_93' title='bbox 449 2074 516 2116; x_wconf 92' lang='lat' dir='ltr'><strong>non</strong></span> <span class='ocrx_word' id='word_1_94' title='bbox 533 2051 612 2116; x_wconf 83' lang='lat' dir='ltr'><strong>ct&#39;rro</strong></span> <span class='ocrx_word' id='word_1_95' title='bbox 628 2054 758 2134; x_wconf 86' lang='lat' dir='ltr'><strong>legere;</strong></span> <span class='ocrx_word' id='word_1_96' title='bbox 786 2054 937 2116; x_wconf 73' lang='lat' dir='ltr'><strong>Laelium</strong></span> <span class='ocrx_word' id='word_1_97' title='bbox 956 2053 1143 2117; x_wconf 79' lang='lat' dir='ltr'><strong>Decumum</strong></span> <span class='ocrx_word' id='word_1_98' title='bbox 1160 2057 1248 2119; x_wconf 81' lang='lat' dir='ltr'><strong>uolo,</strong></span> 
     </span>
     <span class='ocr_line' id='line_1_17' title="bbox 943 2154 1278 2227; baseline 0.006 -19"><span class='ocrx_word' id='word_1_99' title='bbox 943 2154 1001 2208; x_wconf 87' lang='lat' dir='ltr'>Cic.</span> <span class='ocrx_word' id='word_1_100' title='bbox 1017 2155 1060 2208; x_wconf 84' lang='lat' dir='ltr'><strong>De</strong></span> <span class='ocrx_word' id='word_1_101' title='bbox 1076 2156 1122 2208; x_wconf 85' lang='lat' dir='ltr'><strong>Or.</strong></span> <span class='ocrx_word' id='word_1_102' title='bbox 1138 2157 1175 2208; x_wconf 92' lang='lat' dir='ltr'><strong>Il.</strong></span> <span class='ocrx_word' id='word_1_103' title='bbox 1190 2157 1217 2209; x_wconf 90' lang='lat'><strong>6.</strong></span> <span class='ocrx_word' id='word_1_104' title='bbox 1232 2171 1278 2227; x_wconf 84' lang='lat'><strong>25.</strong></span> 
     </span>
    </p>
   </div>
   <div class='ocr_carea' id='block_1_11' title="bbox 601 2325 845 2387">
    <p class='ocr_par' dir='ltr' id='par_1_11' title="bbox 601 2325 845 2387">
     <span class='ocr_line' id='line_1_18' title="bbox 601 2325 845 2387; baseline 0.004 -1"><span class='ocrx_word' id='word_1_105' title='bbox 601 2325 712 2387; x_wconf 69' lang='lat' dir='ltr'><strong>Lraure</strong></span> <span class='ocrx_word' id='word_1_106' title='bbox 735 2325 845 2387; x_wconf 88' lang='lat' dir='ltr'><strong>XXX.</strong></span> 
     </span>
    </p>
   </div>
   <div class='ocr_carea' id='block_1_12' title="bbox 452 2448 997 2517">
    <p class='ocr_par' dir='ltr' id='par_1_12' title="bbox 452 2448 997 2517">
     <span class='ocr_line' id='line_1_19' title="bbox 452 2448 997 2517; baseline 0.004 -16"><span class='ocrx_word' id='word_1_107' title='bbox 452 2448 575 2501; x_wconf 74' lang='lat' dir='ltr'><strong>Lucilius</strong></span> <span class='ocrx_word' id='word_1_108' title='bbox 587 2449 609 2500; x_wconf 85' lang='lat' dir='ltr'><strong>is</strong></span> <span class='ocrx_word' id='word_1_109' title='bbox 622 2449 662 2500; x_wconf 80' lang='lat' dir='ltr'><strong>tlte</strong></span> <span class='ocrx_word' id='word_1_110' title='bbox 676 2449 790 2500; x_wconf 78' lang='lat' dir='ltr'><strong>intimate</strong></span> <span class='ocrx_word' id='word_1_111' title='bbox 803 2448 883 2517; x_wconf 80' lang='lat' dir='ltr'><strong>osllre</strong></span> <span class='ocrx_word' id='word_1_112' title='bbox 896 2450 997 2514; x_wconf 80' lang='lat' dir='ltr'><strong>Muses,</strong></span> 
     </span>
    </p>
   </div>
   <div class='ocr_carea' id='block_1_13' title="bbox 176 2562 1158 2648">
    <p class='ocr_par' dir='ltr' id='par_1_13' title="bbox 176 2562 1158 2648">
     <span class='ocr_line' id='line_1_20' title="bbox 176 2562 1158 2648; baseline 0 -18"><span class='ocrx_word' id='word_1_113' title='bbox 176 2569 249 2631; x_wconf 89' lang='lat'>181.</span> <span class='ocrx_word' id='word_1_114' title='bbox 282 2564 361 2648; x_wconf 93' lang='lat' dir='ltr'><strong>quoi</strong></span> <span class='ocrx_word' id='word_1_115' title='bbox 376 2585 436 2627; x_wconf 91' lang='lat' dir='ltr'><strong>sua</strong></span> <span class='ocrx_word' id='word_1_116' title='bbox 452 2562 654 2627; x_wconf 89' lang='lat' dir='ltr'><strong>conmittunt</strong></span> <span class='ocrx_word' id='word_1_117' title='bbox 670 2563 801 2624; x_wconf 85' lang='lat' dir='ltr'><strong>mortali</strong></span> <span class='ocrx_word' id='word_1_118' title='bbox 817 2565 962 2626; x_wconf 90' lang='lat' dir='ltr'><strong>claustra</strong></span> <span class='ocrx_word' id='word_1_119' title='bbox 979 2565 1158 2630; x_wconf 86' lang='lat' dir='ltr'><strong>Camenae.</strong></span> 
     </span>
    </p>
   </div>
   <div class='ocr_carea' id='block_1_14' title="bbox 471 2669 1277 2831">
    <p class='ocr_par' dir='ltr' id='par_1_14' title="bbox 471 2669 1277 2831">
     <span class='ocr_line' id='line_1_21' title="bbox 1062 2669 1277 2738; baseline 0.009 -18"><span class='ocrx_word' id='word_1_120' title='bbox 1062 2669 1138 2721; x_wconf 92' lang='lat' dir='ltr'><strong>Non.</strong></span> <span class='ocrx_word' id='word_1_121' title='bbox 1154 2682 1216 2738; x_wconf 86' lang='lat'><strong>249.</strong></span> <span class='ocrx_word' id='word_1_122' title='bbox 1234 2683 1277 2722; x_wconf 90' lang='lat'><strong>11.</strong></span> 
     </span>
     <span class='ocr_line' id='line_1_22' title="bbox 471 2760 973 2831; baseline 0.004 -19"><span class='ocrx_word' id='word_1_123' title='bbox 471 2760 539 2812; x_wconf 68' lang='lat' dir='ltr'><strong>Aac</strong></span> <span class='ocrx_word' id='word_1_124' title='bbox 551 2760 644 2812; x_wconf 58' lang='lat' dir='ltr'><strong>canes</strong></span> <span class='ocrx_word' id='word_1_125' title='bbox 657 2761 697 2812; x_wconf 82' lang='lat' dir='ltr'><strong>lu&#39;s</strong></span> <span class='ocrx_word' id='word_1_126' title='bbox 706 2762 754 2828; x_wconf 81' lang='lat' dir='ltr'><strong>fill</strong></span> <span class='ocrx_word' id='word_1_127' title='bbox 765 2762 973 2831; x_wconf 76' lang='lat' dir='ltr'><strong>osiuspiralion.</strong></span> 
     </span>
    </p>
   </div>
   <div class='ocr_carea' id='block_1_15' title="bbox 177 2876 1277 3145">
    <p class='ocr_par' dir='ltr' id='par_1_15' title="bbox 177 2876 1277 3145">
     <span class='ocr_line' id='line_1_23' title="bbox 177 2876 1276 2962; baseline 0 -18"><span class='ocrx_word' id='word_1_128' title='bbox 177 2882 248 2944; x_wconf 88' lang='lat'>182.</span> <span class='ocrx_word' id='word_1_129' title='bbox 283 2886 444 2961; x_wconf 89' lang='lat' dir='ltr'><strong>quantum</strong></span> <span class='ocrx_word' id='word_1_130' title='bbox 461 2876 593 2938; x_wconf 88' lang='lat' dir='ltr'><strong>haurire</strong></span> <span class='ocrx_word' id='word_1_131' title='bbox 610 2876 740 2938; x_wconf 88' lang='lat' dir='ltr'><strong>animus</strong></span> <span class='ocrx_word' id='word_1_132' title='bbox 756 2879 929 2940; x_wconf 87' lang='lat' dir='ltr'><strong>Musarum</strong></span> <span class='ocrx_word' id='word_1_133' title='bbox 946 2899 984 2958; x_wconf 86' lang='lat' dir='ltr'><strong>ec</strong></span> <span class='ocrx_word' id='word_1_134' title='bbox 997 2879 1146 2943; x_wconf 82' lang='lat' dir='ltr'><strong>fontibus</strong></span> <span class='ocrx_word' id='word_1_135' title='bbox 1164 2882 1276 2962; x_wconf 87' lang='lat' dir='ltr'><strong>gestit.</strong></span> 
     </span>
     <span class='ocr_line' id='line_1_24' title="bbox 1081 2983 1277 3050; baseline -0.01 -14"><span class='ocrx_word' id='word_1_136' title='bbox 1081 2984 1156 3036; x_wconf 88' lang='lat' dir='ltr'><strong>Non.</strong></span> <span class='ocrx_word' id='word_1_137' title='bbox 1171 2996 1233 3050; x_wconf 87' lang='lat'>3¹7·</span> <span class='ocrx_word' id='word_1_138' title='bbox 1249 2983 1277 3035; x_wconf 89' lang='lat'><strong>6.</strong></span> 
     </span>
     <span class='ocr_line' id='line_1_25' title="bbox 533 3074 916 3145; baseline 0.005 -19"><span class='ocrx_word' id='word_1_139' title='bbox 533 3074 635 3127; x_wconf 79' lang='lat' dir='ltr'><strong>Accius</strong></span> <span class='ocrx_word' id='word_1_140' title='bbox 647 3075 670 3126; x_wconf 85' lang='lat' dir='ltr'><strong>is</strong></span> <span class='ocrx_word' id='word_1_141' title='bbox 680 3075 734 3144; x_wconf 84' lang='lat' dir='ltr'><strong>far</strong></span> <span class='ocrx_word' id='word_1_142' title='bbox 746 3077 916 3145; x_wconf 75' lang='lat' dir='ltr'><strong>outrtripped,</strong></span> 
     </span>
    </p>
   </div>
   <div class='ocr_carea' id='block_1_16' title="bbox 177 3189 1275 3318">
    <p class='ocr_par' dir='ltr' id='par_1_16' title="bbox 177 3189 1275 3318">
     <span class='ocr_line' id='line_1_26' title="bbox 177 3189 1275 3318; baseline 0.021 -70"><span class='ocrx_word' id='word_1_143' title='bbox 177 3195 249 3268; x_wconf 82' lang='lat'><strong>183.</strong></span> <span class='ocrx_word' id='word_1_144' title='bbox 282 3201 316 3254; x_wconf 89' lang='lat' dir='ltr'><strong>et</strong></span> <span class='ocrx_word' id='word_1_145' title='bbox 332 3211 392 3253; x_wconf 89' lang='lat' dir='ltr'><strong>sua</strong></span> <span class='ocrx_word' id='word_1_146' title='bbox 408 3189 596 3272; x_wconf 88' lang='lat' dir='ltr'><strong>perciperet</strong></span> <span class='ocrx_word' id='word_1_147' title='bbox 611 3200 699 3253; x_wconf 89' lang='lat' dir='ltr'><strong>retro</strong></span> <span class='ocrx_word' id='word_1_148' title='bbox 716 3191 842 3254; x_wconf 90' lang='lat' dir='ltr'><strong>rellicta</strong></span> <span class='ocrx_word' id='word_1_149' title='bbox 858 3191 965 3255; x_wconf 90' lang='lat' dir='ltr'><strong>iacere</strong></span> <span class='ocrx_word' id='word_1_150' title='bbox 1062 3250 1137 3302; x_wconf 37' lang='lat' dir='ltr'>Non·</span> <span class='ocrx_word' id='word_1_151' title='bbox 1152 3249 1213 3318; x_wconf 42' lang='lat'><strong>326·</strong></span> <span class='ocrx_word' id='word_1_152' title='bbox 1229 3265 1275 3318; x_wconf 42' lang='lat'><strong>32·</strong></span> 
     </span>
    </p>
   </div>
   <div class='ocr_carea' id='block_1_17' title="bbox 520 3389 928 3441">
    <p class='ocr_par' dir='ltr' id='par_1_17' title="bbox 520 3389 928 3441">
     <span class='ocr_line' id='line_1_27' title="bbox 520 3389 928 3441; baseline -0.005 -1"><span class='ocrx_word' id='word_1_153' title='bbox 520 3389 586 3441; x_wconf 83' lang='lat' dir='ltr'><strong>And</strong></span> <span class='ocrx_word' id='word_1_154' title='bbox 599 3389 719 3441; x_wconf 85' lang='lat' dir='ltr'><strong>Lucillus</strong></span> <span class='ocrx_word' id='word_1_155' title='bbox 732 3390 808 3441; x_wconf 78' lang='lat' dir='ltr'><strong>clerte</strong></span> <span class='ocrx_word' id='word_1_156' title='bbox 821 3389 843 3440; x_wconf 74' lang='lat' dir='ltr'><strong>iu</strong></span> <span class='ocrx_word' id='word_1_157' title='bbox 856 3391 928 3441; x_wconf 85' lang='lat' dir='ltr'><strong>read.</strong></span> 
     </span>
    </p>
   </div>
   <div class='ocr_carea' id='block_1_18' title="bbox 175 3504 1275 3677">
    <p class='ocr_par' dir='ltr' id='par_1_18' title="bbox 175 3504 1275 3677">
     <span class='ocr_line' id='line_1_28' title="bbox 175 3504 1189 3586; baseline -0.006 -14"><span class='ocrx_word' id='word_1_158' title='bbox 175 3509 249 3584; x_wconf 88' lang='lat'><strong>184.</strong></span> <span class='ocrx_word' id='word_1_159' title='bbox 283 3515 317 3569; x_wconf 88' lang='lat' dir='ltr'><strong>et</strong></span> <span class='ocrx_word' id='word_1_160' title='bbox 333 3505 403 3569; x_wconf 86' lang='lat' dir='ltr'><strong>sola</strong></span> <span class='ocrx_word' id='word_1_161' title='bbox 419 3525 459 3568; x_wconf 88' lang='lat' dir='ltr'><strong>ex</strong></span> <span class='ocrx_word' id='word_1_162' title='bbox 475 3504 586 3568; x_wconf 89' lang='lat' dir='ltr'><strong>multis</strong></span> <span class='ocrx_word' id='word_1_163' title='bbox 603 3524 692 3568; x_wconf 92' lang='lat' dir='ltr'><strong>nunc</strong></span> <span class='ocrx_word' id='word_1_164' title='bbox 709 3514 823 3566; x_wconf 88' lang='lat' dir='ltr'><strong>nostra</strong></span> <span class='ocrx_word' id='word_1_165' title='bbox 839 3513 994 3586; x_wconf 88' lang='lat' dir='ltr'><strong>poemata</strong></span> <span class='ocrx_word' id='word_1_166' title='bbox 1010 3505 1098 3567; x_wconf 75' lang='lat' dir='ltr'><strong>ferri</strong></span> <span class='ocrx_word' id='word_1_167' title='bbox 1187 3565 1189 3572; x_wconf 87' lang='grc'>,</span> 
     </span>
     <span class='ocr_line' id='line_1_29' title="bbox 1064 3608 1275 3677; baseline 0 -17"><span class='ocrx_word' id='word_1_168' title='bbox 1064 3608 1139 3660; x_wconf 90' lang='lat' dir='ltr'><strong>Non.</strong></span> <span class='ocrx_word' id='word_1_169' title='bbox 1154 3622 1215 3676; x_wconf 84' lang='lat'><strong>303.</strong></span> <span class='ocrx_word' id='word_1_170' title='bbox 1233 3623 1275 3677; x_wconf 85' lang='lat'><strong>19.</strong></span> 
     </span>
    </p>
   </div>
   <div class='ocr_carea' id='block_1_19' title="bbox 0 0 1468 4232">
    <p class='ocr_par' dir='ltr' id='par_1_19' title="bbox 0 0 1468 4232">
     <span class='ocr_line' id='line_1_30' title="bbox 0 0 1468 4232; baseline 0 2"><span class='ocrx_word' id='word_1_171' title='bbox 0 0 1468 4232; x_wconf 95' lang='lat' dir='ltr'><strong> </strong></span> 
     </span>
    </p>
   </div>
  </div>
 </body>
</html>
