2926 4232
224 288 266 354 34
487 285 699 335 raucusurs
721 286 767 336 or
790 287 916 338 Rousu
939 287 1065 338 smus

631 459 741 522 Lrssrr
765 461 920 524 XVIIII.

427 586 495 640 Men
508 588 630 640 continue
644 587 698 640 into
711 589 756 642 old
768 605 817 658 ape
830 589 896 640 their
908 589 953 641 teil
962 589 1013 658 for
1025 590 1125 657 wealde,

224 708 299 773 128.
332 705 445 790 rugosi
461 705 619 790 passique
635 726 732 770 senes
749 707 866 770 eadem
883 708 994 770 omnia
1010 719 1182 791 quaerunt.

1134 813 1207 864 Non.
1225 825 1268 863 11.
1285 827 1320 881 29

324 924 407 978 When
420 925 477 993 they
490 925 578 994 euplii,
591 924 643 977 like
657 925 696 976 the
709 933 763 987 ant,
777 933 801 977 to
814 925 858 994 lay
871 942 906 994 up
919 926 1013 994 simply
1022 925 1073 995 sor
1084 927 1151 978 luter
1163 944 1208 979 use
1216 945 1226 988 ,-

223 1061 297 1125 129.
331 1044 377 1108 sic
394 1053 429 1106 tu
447 1043 520 1106 illos
537 1044 666 1107 Iructus
683 1064 833 1126 quaeras
851 1043 993 1107 aduersa
1010 1045 1118 1109 hieme
1134 1046 1211 1108 olim

330 1147 404 1231 quis
420 1148 469 1212 uti
485 1148 593 1231 possis
610 1169 648 1212 ac
665 1149 832 1212 delectare
848 1148 937 1212 domi
952 1158 995 1212 te.
1113 1193 1188 1245 Non.
1203 1206 1266 1261 357·
1282 1209 1327 1262 30-

395 1358 474 1412 Since
487 1359 506 1411 u
519 1359 541 1411 is
554 1359 594 1411 tlte
603 1359 714 1428 part‘of
722 1376 739 1411 a
747 1359 809 1428 fool
822 1377 900 1411 never
911 1368 936 1412 to
948 1359 977 1412 be
989 1359 1117 1428 satisfied.

223 1497 295 1556 13ο.
329 1477 472 1561 denique
489 1477 537 1542 uti
553 1478 653 1541 stulto
669 1478 714 1541 nil
731 1478 773 1541 sit
789 1478 869 1541 satis
885 1479 997 1541 omnia
1012 1499 1088 1543 cum
1105 1479 1179 1542 sint.

1112 1582 1187 1634 Non.
1201 1595 1265 1650 445.
1281 1599 1298 1634 2
1302 1600 1328 1652 5.

596 1687 688 1757 Enjop
700 1689 740 1740 tlte
752 1697 858 1757 present
870 1689 926 1757 day
934 1689 945 1739 .'

221 1827 295 1886 131.
328 1827 422 1872 sume
438 1807 525 1871 diem
543 1806 631 1889 quIst
647 1806 738 1869 uisus
754 1806 814 1870 tibi
831 1807 1073 1890 pulcherrimus
1089 1829 1184 1871 unus,

1108 1911 1183 1963 Non.
1199 1911 1261 1980 396.
1282 1928 1327 1964 12.
1441 1875 1442 1878 Ἴ

370 2028 423 2081 But
436 2029 476 2081 the
488 2029 566 2080 miser
578 2037 673 2082 cannot
685 2045 726 2081 see
740 2029 793 2080 that
804 2045 864 2080 maa
878 2029 900 2080 is
913 2030 1055 2081 morellum
1068 2047 1169 2098 money.

221 2165 293 2225 131.
330 2153 465 2210 'aurum
493 2146 566 2209 uis?
602 2147 770 2210 hominem
802 2167 844 2210 en
875 2146 1326 2214 habeaSI'-‘hominenr?

414 2250 493 2333 quid
510 2250 552 2312 ad
569 2251 709 2312 aurum?

326 2374 438 2438 quare,
460 2363 497 2416 ut
518 2354 667 2430 dicimus,
688 2375 755 2416 non
777 2354 874 2418 uideo
896 2354 950 2419 hic
971 2355 1050 2438 quid
1074 2377 1197 2438 magno
1219 2379 1326 2440 opere

412 2457 545 2542 Optem,
1108 2488 1183 2540 Non.
1198 2488 1260 2557 358.
1280 2503 1322 2541 10.

600 2759 602 2764 ¹
661 2685 771 2749 Lrssa
794 2686 869 2749 XX.

453 2816 535 2870 From
547 2817 587 2869 the
600 2826 710 2869 account
722 2817 757 2886 of
765 2835 782 2869 α
795 2817 849 2870 rich
864 2819 946 2870 men's
959 2819 1078 2889 banquet.

217 2960 288 3018 133.
323 2940 370 3004 illi
386 2940 556 3024 praeceiso
572 2949 671 3023 atque
688 2940 795 3022 epulis
811 2941 988 3023 capiuntur
1004 2942 1131 3026 opimis.

1105 3047 1181 3098 Non.
1199 3057 1258 3112 150.
1274 3062 1308 3114 33

217 3164 290 3224 134.
324 3163 493 3227 purpureo
509 3143 603 3207 tersit
618 3155 698 3208 tunc
715 3145 800 3206 latas
817 3165 966 3226 gausape
984 3165 1116 3208 mensas
1152 3217 1229 3272 Prisc
1254 3220 1308 3285 870

334 3349 389 3403 The
399 3349 521 3419 parasite
534 3349 582 3401 Ias
595 3349 656 3401 been
669 3349 776 3418 stuffiap
789 3349 899 3418 himself
908 3359 931 3402 to
945 3351 984 3401 the
997 3351 1196 3419 desuper-point.

216 3488 289 3551 135.
322 3471 388 3534 iam
405 3470 630 3551 disrumpetur
646 3469 783 3544 medius
801 3469 875 3544 iam,
893 3480 929 3532 ut
948 3472 1080 3532 Marsus
1097 3471 1250 3534 colubras

322 3574 498 3657 disrumpit
514 3582 614 3636 cantu
631 3592 734 3636 uenas
751 3593 825 3636 cum
843 3573 1027 3636 extenderit
1044 3575 1159 3638 omnis.

958 3677 961 3686 '
1103 3677 1177 3728 Non.
1193 3689 1254 3728 201.
1273 3692 1314 3747 ¹9·
