2926 4232
529 331 722 396 PETRONIVS
744 331 899 380 ARBlTER
1224 335 1269 401 79

213 489 327 554 scens’
356 489 464 571 inquit
491 488 663 571 ‘quoniam
695 507 882 552 sermonem
914 488 1017 552 habes
1045 509 1112 552 non
1142 489 1266 571 publici

213 593 343 676 saporis
364 603 406 667 et,
427 593 515 674 quod
539 591 745 654 rarissimum
766 602 826 667 est,
847 613 940 654 amas
963 593 1085 656 bonam
1109 604 1264 669 mentem,

213 718 280 760 non
313 695 476 759 fraudabo
506 705 539 759 te
566 704 637 758 arte
665 705 801 758 secreta.
848 693 933 756 uiuit
964 697 1118 759 nimirum
1150 699 1183 760 in
1215 700 1266 761 his

214 800 504 864 exercitationibus
531 800 684 862 doctores
712 809 862 880 peccant,
889 800 944 881 qui
972 821 1110 864 necesse
1141 803 1266 866 habent

174 935 189 982 ς
213 925 290 968 cum
310 903 553 966 insanientibus
573 903 692 965 furere.
740 923 818 964 nam
839 903 902 965 nisi
925 903 1066 967 dixerint
1085 926 1170 987 quae
1190 908 1267 968 adu-

214 1007 388 1071 lescentuli
411 1007 563 1088 probent,
584 1015 619 1068 ut
643 1006 689 1069 ait
712 1005 840 1082 Cicero,
863 1007 951 1070 “soli
975 1008 1007 1070 in
1028 1010 1150 1072 scholis
1174 1011 1267 1073 relin-

214 1112 389 1194 quentur.''
437 1111 522 1174 sicut
549 1108 651 1196 [ficti]
679 1111 869 1175 adulatores
896 1132 972 1175 cum
1000 1133 1101 1176 cenas
1125 1113 1264 1176 diuitum

214 1225 362 1297 captant,
387 1215 469 1276 nihil
496 1215 587 1296 prius
614 1215 817 1278 meditantur
844 1236 944 1298 quam
972 1215 1004 1278 id
1032 1217 1120 1299 quod
1149 1228 1267 1299 putant

215 1319 440 1401 gratissimum
465 1319 670 1381 auditoribus
694 1319 784 1382 iore:
808 1339 870 1382 nec
892 1319 980 1381 enim
999 1319 1093 1382 aliter
1116 1321 1267 1403 impetra-

163 1455 192 1487 10
215 1423 299 1486 bunt
322 1422 417 1505 quod¹
435 1432 563 1504 petunt,
588 1422 652 1485 nisi
675 1424 836 1505 quasdam
864 1423 1001 1486 insidias
1024 1424 1157 1488 auribus
1182 1427 1268 1488 lece-

215 1527 297 1590 rint:
333 1526 379 1589 sic
406 1526 615 1608 eloquentiae
642 1527 810 1608 magister,
839 1527 902 1589 nisi
933 1537 1092 1610 tanquam
1123 1529 1268 1610 piscator

216 1651 290 1694 eam
313 1630 508 1712 imposuerit
531 1630 639 1693 hamis
662 1651 783 1706 escam,
803 1651 903 1714 quam
928 1631 1038 1696 scierit
1061 1634 1268 1715 appetituros

215 1755 290 1798 esse
314 1734 499 1817 pisciculos,
518 1735 590 1797 sine
613 1754 673 1816 spe
698 1735 842 1816 praedae
865 1735 1048 1798 morabitur
1066 1737 1099 1799 in
1120 1740 1265 1819 scopulo

216 1859 248 1917 4.
275 1839 354 1922 quid
370 1859 451 1920 ergo
467 1839 540 1902 est?
582 1847 739 1920 parentes
755 1837 983 1918 obiurgatione
1000 1838 1092 1920 digni
1109 1851 1193 1916 sunt,
1212 1843 1268 1923 qui

72 1931 75 1934 ¹
164 1973 192 2020 15
216 1943 334 2007 nolunt
350 1943 471 2006 liberos
488 1963 566 2005 suos
583 1961 700 2004 seuera
716 1942 790 2022 lege
807 1941 976 2022 proficere.
1019 1943 1162 2023 primum
1179 1947 1267 2008 enim

217 2048 263 2112 sic
287 2057 323 2112 ut
344 2047 464 2123 omnia,
483 2067 560 2128 spes
582 2065 714 2128 quoque
738 2065 815 2108 suas
838 2045 1010 2108 ambitioni
1034 2047 1168 2111 donant.
1216 2051 1269 2114 de-

216 2151 294 2215 inde
310 2172 385 2215 cum
403 2151 445 2213 ad
458 2161 537 2214 uota
550 2158 740 2232 properant,
754 2149 856 2212 cruda
868 2150 977 2212 adhuc
992 2151 1100 2212 studia
1113 2151 1146 2213 in
1160 2153 1266 2215 forum

217 2256 346 2337 pellunt
364 2265 398 2318 et
414 2254 647 2337 eloquentiam,
666 2274 732 2335 qua
747 2252 828 2315 nihil
847 2273 921 2316 esse
938 2253 1044 2316 maius
1060 2255 1267 2330 confitentur,

155 2439 157 2444 Α
218 2359 329 2442 pueris
353 2359 495 2422 induunt
516 2359 625 2421 adhuc
647 2357 870 2421 nascentibus.
918 2358 1007 2440 quod
1028 2359 1056 2421 si
1077 2369 1269 2440 paterentur

163 2495 194 2526 ω
217 2464 367 2526 laborum
386 2463 510 2545 gradus
529 2462 609 2538 fieri,
627 2471 663 2524 ut
679 2461 818 2524 studiosi
837 2462 974 2524 iuuenes
993 2462 1135 2526 lectione
1152 2483 1269 2525 seuera

217 2567 442 2648 irrigarentur,
462 2577 499 2630 ut
522 2566 707 2648 sapientiae
731 2565 919 2647 praeceptis
943 2566 1071 2629 animos
1094 2587 1269 2648 compone-

217 2681 300 2746 rent,
325 2681 361 2734 ut
388 2671 492 2734 uerba
519 2669 623 2733 atroci
650 2670 725 2733 stilo
748 2669 945 2745 effoderent,
970 2680 1006 2732 ut
1030 2671 1117 2752 quod
1144 2672 1269 2734 uellent

218 2774 338 2837 imitari
354 2775 409 2837 diu
426 2774 587 2849 audirent,
604 2781 641 2834 ut
656 2773 896 2856 persuaderent
911 2773 973 2836 sibi
989 2774 1069 2836 nihil
1091 2795 1164 2837 esse
1181 2795 1269 2854 mag-

218 2879 362 2954 nificum,
386 2879 474 2961 quod
498 2877 610 2960 pueris
634 2878 798 2960 placeret:
826 2877 891 2940 iam
919 2877 974 2939 illa
1001 2878 1136 2959 grandis
1164 2879 1268 2940 oratio

166 3011 193 3060 ις
218 2982 356 3045 haberet
375 2981 556 3044 maiestatis
573 3001 653 3044 suae
673 2982 814 3063 pondus,
861 3003 951 3044 nunc
976 2982 1070 3064 pueri
1092 2983 1125 3044 in
1147 2984 1268 3045 scholis

218 3087 346 3161 ludunt,
363 3085 501 3148 iuuenes
517 3085 667 3148 ridentur
683 3085 716 3146 in
733 3085 815 3161 foro,
828 3094 861 3147 et
877 3086 967 3166 quod
983 3096 1122 3167 utroque
1138 3087 1268 3166 turpius

218 3200 279 3266 est,
293 3190 382 3272 quod
398 3189 538 3271 quisque
554 3209 730 3270 perperam
747 3188 869 3264 didicit,
883 3189 917 3250 in
934 3199 1104 3252 senectute
1121 3191 1268 3253 confiteri

218 3315 286 3357 non
302 3295 382 3357 uult.
423 3293 539 3356 sedne
556 3313 609 3355 me
626 3302 724 3374 putes
741 3292 946 3374 improbasse
963 3293 1133 3356 schedium
1152 3295 1269 3356 Lucili-

219 3418 303 3462 anae
324 3396 529 3472 humilitatis,
547 3397 635 3478 quod
658 3397 774 3471 sentio,
792 3406 825 3459 et
844 3396 916 3480 ipse
933 3397 1077 3460 carmine
1094 3396 1268 3479 effingam:

166 3638 196 3684 φ
263 3623 295 3686 5.
372 3605 452 3668 artis
469 3623 606 3668 seuerae
623 3603 650 3666 si
666 3603 741 3685 quis
757 3603 860 3666 ambit
876 3603 1018 3666 effectus

373 3718 587 3790 mentemque
604 3707 734 3788 magnis
751 3706 904 3788 applicat,
922 3707 1013 3788 prius
1030 3727 1140 3771 mores·
