2926 4232
226 295 266 355 14
476 283 695 332 .FRAGMENTS
718 283 763 332 OF
786 283 911 332 ROMAN
936 281 1061 332 SATIRE

579 444 585 455 '
632 437 686 490 Tire
699 447 791 490 nature
804 438 839 506 os
847 454 916 490 man.

222 565 276 623 33.
310 595 316 609 .
342 595 349 611 .
375 595 381 608 .
407 545 494 608 terra
510 565 631 627 corpus
646 545 705 620 est,
723 553 758 608 at
774 543 893 608 mentis
909 543 996 626 ignis
1013 553 1072 607 est.
1136 592 1140 602 .

1047 646 1052 655 ·
1081 628 1165 682 Prisc.
1182 630 1204 681 Ι.
1219 643 1270 698 335
1286 631 1325 682 K.

221 744 275 802 ³4·
309 725 382 788 istic
399 733 450 787 est
465 723 507 786 de
523 721 592 786 stile
609 732 779 805 sumptus;
804 721 897 804 isque
913 732 1002 786 totus
1019 722 1138 784 mentis
1155 733 1212 784 est.

1045 825 1123 876 Varr.
1138 823 1170 874 L.
1184 823 1217 874 L.
1229 825 1263 876 V.
1281 837 1325 894 59.

239 924 348 994 Jupiter
362 927 382 976 ir
395 926 456 993 only
468 943 504 977 an
517 924 696 994 etymoloqical
708 924 923 994 personifieatian
936 923 971 994 os
981 925 1021 976 tlte
1034 923 1240 992 all-nourislriny
1252 925 1303 975 air.

220 1050 275 1110 35.
289 1031 381 1095 *istic
398 1042 448 1095 est
464 1032 491 1094 is
510 1030 659 1115 Iuppiter
675 1052 774 1113 quem
791 1031 874 1106 dica,
892 1051 991 1114 quem
1008 1029 1129 1094 Graeci
1144 1040 1265 1094 uocant

305 1132 437 1198 aierem:
462 1135 518 1218 qui
534 1137 653 1198 uentus
671 1145 721 1198 est
737 1145 770 1198 et
786 1133 911 1198 mibes:
935 1134 1039 1198 imber
1056 1133 1173 1216 pastea

309 1239 408 1322 aitque
425 1260 465 1302 ex
481 1239 584 1302 imbre
598 1238 724 1320 frigus:
749 1249 869 1301 uentus
886 1237 962 1320 past
977 1239 1022 1314 fit,
1040 1245 1098 1300 aer
1113 1239 1221 1302 denuo

311 1345 412 1406 haece
429 1353 565 1425 propter
583 1341 735 1424 Iuppiter
751 1352 828 1405 sunt
844 1341 907 1405 ista
923 1362 1008 1425 quae
1024 1341 1098 1405 dica
1113 1341 1181 1418 tibi,

262 1475 274 1526 5
310 1446 466 1530 queniam
483 1445 631 1510 mortalis
647 1456 746 1528 atque
763 1445 861 1508 urbes
877 1445 1058 1527 beluasque
1075 1444 1182 1508 omnis
1198 1445 1300 1510 iuuat.

1048 1548 1125 1600 Varr.
1140 1547 1170 1598 L.
1183 1546 1215 1599 L,
1226 1548 1262 1600 V.
1276 1547 1323 1616 65.

582 1625 662 1678 Ceres
674 1624 696 1678 is
708 1625 839 1694 similarly
851 1625 964 1694 defined.

224 1737 277 1810 36.
290 1734 405 1797 *terris
421 1734 551 1816 genteis
567 1732 675 1796 <imnis
692 1734 821 1816 peperit
837 1735 870 1797 et
886 1733 1023 1797 resumit
1038 1734 1167 1798 denuo:

310 1837 412 1902 istaec
429 1838 486 1900 dat
502 1836 625 1901 cibaria
641 1848 741 1921 atque
758 1837 846 1921 quad
862 1838 948 1920 gerit
964 1839 1088 1920 fruges
1107 1839 1218 1903 Ceres.

1051 1942 1128 1994 Varr.
1141 1941 1173 1993 L.
1186 1939 1218 1992 L.
1231 1941 1265 1992 V.
1280 1939 1324 2005 64.

457 2085 668 2130 EVHEMERVS
692 2085 769 2130 SIVE
793 2085 901 2131 SACRA
925 2085 1087 2131 HISTORIA

226 2183 280 2236 Tle
293 2192 357 2252 poet
371 2185 521 2238 introduces
538 2187 703 2238 Euhemerus
718 2195 742 2238 to
757 2187 879 2254 enpoand
894 2187 933 2238 lis
949 2187 1037 2254 tlreory
1051 2187 1104 2239 that
1118 2187 1158 2238 tlte
1175 2186 1239 2255 pods
1256 2203 1324 2238 were

309 2272 354 2322 bat
369 2274 473 2325 mortale
489 2274 630 2342 especially
644 2275 759 2325 honored
774 2291 807 2326 on
823 2282 933 2325 account
948 2274 982 2342 os
994 2273 1062 2326 tleir
1077 2282 1153 2342 preat
1167 2273 1279 2325 services
1298 2281 1323 2324 to

308 2359 445 2410 mankind.
454 2391 490 2398 -
501 2360 556 2412 Tle
566 2378 694 2430 passapes
709 2361 801 2430 quoted
814 2362 846 2428 by
855 2361 1010 2412 Lactantius
1020 2377 1066 2413 are
1079 2360 1235 2429 apparently
1246 2359 1323 2428 from

309 2463 328 2497 a
340 2446 392 2498 late
400 2464 479 2514 prose
493 2447 594 2500 version
607 2448 687 2516 oftlre
700 2447 873 2518 trochaics(?)
888 2449 922 2517 of
931 2448 1049 2500 Ennius.

358 2553 477 2640 [quid?
502 2558 558 2640 qui
579 2568 635 2621 aut
655 2559 752 2622 fortis
774 2569 831 2622 aut
854 2560 960 2622 claros
984 2569 1041 2621 aut
1064 2557 1210 2641 potentis
1233 2557 1323 2620 uiros

307 2662 445 2724 tradunt
461 2671 537 2743 post
556 2672 693 2725 mortem
717 2663 758 2724 ad
778 2663 858 2725 deos
882 2663 1083 2744 peruenisse,
1101 2681 1225 2743 eosque
1248 2681 1323 2724 esse

309 2765 400 2846 ipsos
422 2786 505 2847 quos
526 2786 587 2828 nos
609 2767 725 2841 colere,
747 2766 884 2847 precari,
903 2766 1121 2848 uenerarique
1145 2766 1320 2840 soleamus,

310 2889 421 2932 nonne
438 2879 590 2951 expertes
607 2879 685 2932 sunt
700 2869 897 2950 religionum
917 2871 1086 2932 omnium?
1133 2889 1217 2951 quae
1238 2868 1322 2932 ratio

262 2997 275 3049 5
311 2973 451 3035 maxime
478 2983 620 3037 tractata
644 2974 686 3036 ab
715 2975 903 3036 Euhemero
931 2983 990 3048 est,
1019 2993 1118 3055 quem
1145 2983 1258 3036 noster
1289 2983 1323 3035 et

310 3076 547 3156 interpretatus
572 3087 605 3140 et
630 3088 763 3140 secutus
788 3087 839 3140 est
866 3087 998 3158 praeter
1025 3087 1152 3140 ceteros
1181 3077 1319 3139 Ennius.

310 3180 351 3241 ab
376 3181 563 3244 Euhemero
585 3191 696 3244 autem
717 3191 750 3244 et
773 3191 896 3244 mortes
919 3191 952 3244 et
976 3182 1165 3263 sepulturae
1190 3180 1323 3243 demon-

310 3292 456 3346 strantur
479 3285 624 3348 deorum.
1042 3309 1098 3362 eie.
1113 3309 1150 3361 N.
1159 3309 1195 3361 D.
1210 3309 1231 3361 1.
1247 3307 1318 3378 1¹9·]

221 3456 275 3516 37.
352 3440 444 3504 initio
471 3443 596 3524 primus
622 3443 654 3504 in
680 3443 776 3505 terris
803 3442 978 3524 imperium
1006 3463 1172 3505 summum
1200 3441 1323 3508 Caelus

311 3544 444 3607 habuit:
469 3546 495 3608 is
513 3547 544 3608 id
561 3567 701 3628 regnum
723 3565 885 3610 unacum
907 3545 1065 3610 fratribus
1089 3547 1157 3610 suis
1180 3544 1324 3609 instituit

309 3658 409 3731 atque
425 3650 564 3731 parauit.
1157 3674 1266 3728 Laeti.
1283 3687 1322 3743 13.
