2934 4236
199 289 258 351 128
457 299 668 350 rxnonsurs
691 301 736 350 or
759 289 885 351 noum
908 303 1034 352 sxnxa

246 454 370 537 recipio
388 437 568 538 Luguduni
587 467 711 534 natum,
729 458 785 520 ubi
810 458 946 522 Licinus
969 459 1082 522 multis
1105 460 1201 523 annis
1224 481 1299 542 reg-

245 558 346 624 nauit.
393 569 429 622 tu
457 569 577 636 autem,
606 561 662 643 qui
689 561 785 643 plura
811 562 884 624 loca
910 563 1045 625 calcasti
1075 585 1174 645 quam
1207 565 1297 627 ullus

245 663 346 727 mulio
367 664 608 746 perpetuarius,
630 661 936 750 [Lugudunenses]
957 667 1041 730 scire
1064 667 1166 730 debes
1190 669 1298 731 multa

245 767 334 830 milia
360 768 446 831 inter
470 769 644 832 Xanthum
668 779 702 832 et
726 770 926 833 Rhodanum
951 770 1132 834 interesse!
1178 792 1297 835 excan-

206 891 219 938 5
244 871 349 934 descit
366 873 516 936 hocloco
533 873 693 938 Claudius
709 883 742 937 et
757 884 882 956 quanto
898 884 1008 955 potest
1029 895 1197 938 murmure
1216 875 1297 938 iras-

244 975 336 1038 citur.
376 976 454 1059 quid
471 976 604 1053 diceret,
618 997 717 1040 nemo
729 977 952 1058 intellegebat,
967 979 1020 1042 ille
1032 989 1144 1042 autem
1159 979 1295 1042 Febrim

244 1079 320 1142 duci
335 1079 477 1144 iubebat.
526 1081 582 1143 illo
598 1091 695 1161 gestu
712 1081 838 1144 solutae
854 1101 972 1144 manus
989 1092 1023 1145 et
1041 1083 1083 1144 ad
1102 1083 1165 1146 hoc
1189 1104 1294 1145 unum

244 1183 323 1246 satis
340 1186 464 1260 firmae,
480 1205 547 1267 quo
568 1184 733 1248 decollare
752 1185 904 1248 homines
928 1185 1065 1262 solebat,
1082 1186 1225 1250 iusserat
1248 1188 1295 1250 illi

243 1287 364 1350 collum
390 1289 545 1370 praecidi.
603 1297 738 1370 putares
769 1308 886 1352 omnes
916 1289 1002 1352 illius
1033 1310 1106 1353 esse
1137 1290 1293 1356 libertos:

191 1414 218 1446 10
243 1392 326 1454 adeo
342 1392 435 1454 illum
451 1413 550 1456 nemo
566 1393 710 1456 curabat.
780 1409 811 1470 7.
836 1402 906 1456 tum
925 1394 1089 1457 Hercules
1107 1394 1203 1457 ‘audi
1219 1397 1291 1458 me'

242 1495 349 1578 inquit
366 1501 419 1558 ‘tu
436 1496 550 1560 desine
566 1496 697 1559 fatuari.
737 1496 857 1560 uenisti
873 1498 947 1572 huc,
965 1497 1022 1559 ubi
1038 1517 1148 1560 mures
1164 1498 1293 1561 ferrum

242 1600 371 1662 rodunt.
428 1600 523 1663 citius
547 1600 628 1662 mihi
650 1620 775 1676 uerum,
800 1621 843 1664 ne
865 1601 925 1664 tibi
952 1601 1077 1682 alogias
1104 1601 1291 1665 excutiam.¹

242 1713 275 1766 et
292 1715 357 1786 qu'o
373 1704 548 1768 terribilior
564 1714 661 1780 esset,
678 1705 825 1786 tragicus
842 1705 877 1768 fit
893 1715 927 1768 et
942 1705 1006 1768 ait:

374 1864 548 1940 ‘exprome
565 1879 716 1940 propere,
735 1859 814 1922 sede
830 1880 896 1941 qua
911 1859 1046 1940 genitus
1061 1859 1163 1937 eluas,

372 1964 434 2026 hoc
450 1983 493 2026 ne
509 1973 703 2044 peremptus
720 1963 831 2045 stipite
848 1963 890 2025 ad
905 1973 1027 2026 terram
1044 1965 1192 2042 accidas;

372 2068 454 2130 haec
470 2067 566 2130 claua
581 2087 678 2147 reges
695 2087 796 2148 saepe
812 2067 969 2130 mactauit
985 2069 1083 2132 leros

371 2171 451 2254 quid
467 2191 555 2234 nunc
572 2171 705 2252 profatu
721 2171 813 2234 uocis
829 2171 954 2235 incerto
971 2174 1093 2236 sonas?

371 2296 456 2358 quae
473 2275 589 2356 patria,
607 2295 693 2358 quae
708 2295 793 2357 gens
809 2276 930 2339 mobile
946 2277 1058 2340 eduxit
1073 2277 1196 2360 caput?

371 2380 524 2442 edissere.
572 2379 725 2461 equidem
742 2399 847 2462 regna
862 2380 1037 2462 tergemini
1053 2391 1172 2462 petens

370 2484 552 2565 longinqua
568 2483 665 2564 regis
683 2485 771 2547 unde
787 2485 829 2547 ab
848 2484 1013 2566 Hesperio
1029 2485 1112 2547 mari

372 2587 543 2650 Inachiam
560 2587 601 2649 ad
618 2587 734 2650 urbem
751 2589 860 2651 nobile
877 2588 995 2652 aduexi
1011 2609 1123 2670 pecuS,

370 2691 439 2754 uidi
455 2691 584 2753 duobus
601 2691 778 2755 imminens
795 2691 903 2754 fluuiis
919 2691 1042 2774 iugum,

370 2795 458 2877 quod
477 2795 629 2858 Phoebus
645 2805 719 2858 ortu
735 2815 867 2876 semper
883 2795 1024 2858 obuerso
1040 2796 1140 2873 uidet,

369 2899 426 2961 ubi
443 2898 628 2962 Rhodanus
644 2899 762 2979 ingens
778 2919 876 2962 amne
893 2899 1091 2982 praerapido
1107 2899 1188 2977 fluit,

369 3003 523 3085 Ararque
540 3002 703 3078 dubitans,
721 3023 785 3085 quo
803 3023 880 3066 suos
896 3023 1012 3066 cursus
1028 3013 1115 3086 agat,

368 3107 488 3169 tacitus
505 3105 623 3188 quietis
640 3105 743 3169 adluit
758 3106 847 3189 ripas
863 3107 966 3170 uadis.

369 3220 464 3273 estne
479 3210 534 3272 illa
551 3210 650 3272 tellus
667 3209 802 3292 spiritus
818 3211 913 3274 altrix
927 3211 976 3275 tui
987 3212 1017 3275 ?'

239 3369 320 3430 haec
337 3365 417 3430 satis
434 3366 581 3428 animose
598 3375 631 3428 et
649 3365 788 3441 fortiter,
805 3366 909 3430 nihilo
929 3367 1039 3430 minus
1063 3369 1182 3432 mentis
1206 3389 1286 3432 suae

238 3492 304 3534 non
321 3480 372 3533 est
388 3480 421 3532 et
436 3469 531 3532 timet
547 3468 653 3550 μωροῦ
668 3466 810 3548 πληγήν.
857 3471 1016 3535 Claudius
1033 3481 1068 3534 ut
1084 3472 1166 3535 uidit
1178 3473 1286 3536 uirum

185 3607 214 3650 30
238 3574 415 3646 ualentem,
440 3572 561 3634 oblitus
586 3592 749 3652 nugarum
777 3573 937 3635 intellexit
964 3575 1130 3638 neminem
1158 3577 1285 3640 Romae

239 3674 302 3736 sibi
317 3694 431 3754 parem
447 3673 559 3744 fuisse,
577 3673 642 3735 illic
659 3694 725 3735 non
745 3674 868 3738 habere
888 3695 924 3738 se
943 3676 1031 3740 idem
1050 3679 1195 3758 gratiae:
1219 3681 1286 3760 gal·
