2934 4236
623 313 793 362 xrvnmvs
1200 317 1258 385 173

251 488 302 551 15.
329 491 391 535 nec
415 471 644 553 prouidentiae
665 471 773 534 bonae
795 491 917 552 graues
939 471 1053 535 oculos
1072 471 1258 535 innocentis

204 575 336 638 animae
360 574 455 638 latuit
479 595 647 637 aerumna.
695 594 773 636 nam
796 574 913 656 optimi
934 575 1024 638 Iouis
1045 575 1166 656 regalis
1189 575 1259 639 ales

204 679 260 742 illa
269 687 408 760 repente
421 679 597 761 propansis
610 677 775 759 utrimque
789 677 900 759 pinnis
912 677 1009 740 affuit
1022 699 1124 760 rapax
1137 679 1257 761 aquila,

204 803 396 865 memorque
427 782 550 845 ueteris
581 781 732 864 obsequii
759 802 824 864 quo
852 782 954 844 ductu
982 781 1157 864 Cupidinis
1185 783 1258 846 Ioui

165 915 179 960 5
205 887 432 968 pocillatorem
464 886 646 971 Phrygium
678 886 866 961 sustulerat,
894 895 1117 968 opportunam
1146 887 1258 950 ferens

205 1011 303 1073 opem
327 990 447 1074 deique
470 1010 595 1053 numen
619 989 652 1052 in
677 989 787 1053 uxoris
809 989 976 1053 laboribus
999 990 1183 1072 percolenS,
1201 991 1259 1054 alti

205 1095 356 1158 culminis
372 1095 476 1158 diales
495 1094 567 1157 uias
586 1093 719 1169 deserit,
736 1102 770 1156 et
788 1093 831 1156 ob
850 1114 888 1156 os
908 1094 1038 1175 puellae
1059 1094 1259 1175 praeuolans

205 1198 338 1281 incipit:
364 1205 416 1262 ‘at
431 1209 468 1262 tu
485 1198 626 1281 simplex
642 1197 786 1280 alioquin
807 1208 840 1260 et
859 1217 978 1279 expers
1001 1218 1111 1260 rerum
1132 1197 1257 1275 talium,

205 1323 319 1384 speras
336 1303 461 1385 quippe
477 1313 511 1365 te
527 1301 728 1365 sanctissimi
743 1322 805 1365 nec
823 1301 931 1364 minus
956 1301 1135 1364 truculenti
1155 1301 1258 1367 fontis

151 1436 180 1467 ιο
204 1407 258 1470 uel
281 1427 381 1469 unam
405 1407 526 1470 stillam
551 1426 649 1488 posse
674 1405 779 1468 furari
802 1405 855 1468 uel
879 1405 1013 1468 omnino
1041 1404 1257 1486 contingere?

204 1511 254 1573 dis
274 1511 373 1574 etiarn
395 1511 525 1592 ipsique
549 1510 622 1574 Ioui
643 1509 871 1573 formidabiles
892 1529 997 1592 aquas
1019 1509 1100 1573 istas
1120 1506 1257 1595 Stygias

204 1615 257 1678 uel
274 1615 377 1678 fando
392 1614 605 1704 comperisti?
629 1615 786 1697 quodque
802 1634 862 1676 uos
879 1613 1032 1677 deieratis
1049 1634 1109 1696 per
1121 1613 1258 1678 numina

204 1719 351 1794 deorum,
370 1719 451 1782 deos
475 1738 535 1800 per
556 1719 671 1803 Stygis
691 1719 900 1781 maiestatem
920 1718 1050 1781 solere?
1095 1718 1154 1781 sed
1175 1719 1257 1782 cedo
1348 1726 1351 1732 '

204 1822 301 1888 istam
318 1823 491 1885 urnulam'
538 1832 571 1886 et
587 1823 738 1904 protinus
758 1823 933 1904 adreptam
952 1821 1126 1904 complexa
1144 1842 1257 1904 ungue

151 1955 179 2000 15
203 1927 341 1989 festinat
366 1926 559 2008 libratisque
585 1926 762 2008 pinnarum
787 1926 975 1990 nutantium
1001 1926 1145 1990 motibus
1171 1925 1258 1990 inter

204 2050 308 2111 genas
332 2030 550 2093 saeuientium
578 2030 727 2093 dentium
753 2041 787 2094 et
813 2031 948 2095 trisulca
975 2031 1161 2095 uibramina
1187 2032 1258 2095 dra-

203 2153 324 2196 conum
355 2134 529 2215 remigium
560 2134 676 2197 dextra
702 2135 864 2217 laeuaque
896 2136 1080 2218 porrigens,
1104 2138 1257 2202 nolentes

203 2259 308 2320 aquas
338 2248 371 2301 et
401 2248 438 2300 ut
469 2238 574 2301 abiret
601 2238 678 2301 inde
706 2239 797 2302 ocius
824 2240 990 2304 minantes
1017 2241 1147 2323 excipit,
1172 2263 1257 2306 com-

203 2352 315 2405 menta
338 2363 373 2405 se
397 2342 439 2404 ob
463 2342 589 2404 iussum
606 2342 748 2405 Veneris
772 2353 886 2424 petere
908 2344 1004 2427 eique
1026 2365 1062 2408 se
1084 2346 1257 2427 praemini-

151 2477 179 2506 ω
202 2456 316 2508 strare.
355 2466 457 2528 quare
471 2446 570 2527 paulo
587 2445 716 2508 facilior
727 2446 873 2510 adeundi
885 2447 949 2510 fuit
964 2449 1069 2530 copia.
1136 2453 1187 2516 16.
1210 2451 1256 2515 sic

202 2560 373 2631 acceptam
397 2569 472 2628 cum
497 2549 619 2630 gaudio
644 2549 778 2631 plenam
802 2551 954 2614 urnulam
980 2553 1110 2637 Psyche
1131 2555 1256 2618 Veneri

202 2653 301 2717 citata
324 2653 459 2716 rettulit.

244 2777 306 2820 nec
332 2767 445 2819 tamen
473 2766 591 2819 nutum
617 2756 700 2820 deae
726 2758 906 2822 saeuientis
935 2759 989 2822 uel
1015 2770 1096 2824 tunc
1122 2761 1255 2843 expiare

200 2861 315 2942 potuit.
364 2881 442 2923 nam
459 2861 505 2924 sic
522 2881 596 2923 eam
617 2862 742 2925 maiora
763 2873 862 2945 atque
887 2863 1000 2944 peiora
1023 2864 1148 2946 flagitia
1171 2887 1256 2929 com·

147 2995 174 3040 ες
199 2965 330 3028 minans
361 2965 510 3046 appellat
540 2965 696 3028 renidens
728 2966 912 3029 exitiabile:
946 2967 1026 3032 ‘iam
1057 2979 1093 3031 tu
1120 2969 1254 3051 quidem

199 3089 322 3150 magna
345 3068 467 3132 uideris
491 3070 656 3151 quaedam
682 3069 763 3132 mihi
786 3080 820 3134 et
843 3071 909 3133 alta
933 3092 1068 3153 prorsus
1094 3073 1253 3149 malefica,

198 3193 283 3254 quae
299 3173 421 3235 talibus
441 3173 629 3254 praeceptis
650 3173 732 3236 meis
752 3174 990 3256 obtemperasti
1009 3175 1147 3239 nauiter.
1196 3179 1254 3240 sed

198 3277 307 3339 adhuc
338 3276 436 3352 istud,
465 3297 540 3339 mea
571 3277 706 3358 pupula,
742 3278 928 3341 ministrare
959 3279 1105 3343 debebis.
1160 3301 1254 3344 sume

196 3379 294 3444 istam
311 3381 486 3464 pyxidem'
503 3377 553 3463 (et
569 3381 660 3444 dedit
680 3381 849 3464 protinus)
866 3388 917 3446 ‘et
936 3403 1043 3465 usque
1065 3384 1106 3446 ad
1128 3383 1253 3448 inferos

143 3516 172 3561 30
195 3494 229 3547 et
245 3484 350 3566 ipsius
370 3484 450 3549 Orci
474 3485 596 3548 ferales
620 3495 761 3566 penates
777 3495 809 3548 te
826 3486 949 3568 derige.
997 3496 1076 3550 tunc
1100 3489 1254 3552 conferes

195 3589 352 3673 pyxidem
374 3588 612 3669 Proserpinae:
639 3589 740 3670 ‘petit
766 3589 808 3652 de
830 3600 862 3653 te
879 3590 1015 3664 Venus,’
1041 3590 1150 3668 dicito,
1170 3597 1254 3656 ‘mo-

195 3692 307 3756 dicum
323 3692 364 3755 de
380 3702 438 3755 tua
454 3691 567 3755 mittas
584 3691 615 3754 ei
630 3693 871 3768 formonsitate,
889 3694 942 3756 uel
959 3694 1001 3756 ad
1018 3714 1118 3758 unam
1135 3695 1252 3760 saltem
1279 3689 1282 3692 ’
