2926 4232
636 337 765 387 snmus
1212 339 1248 408 15

148 503 202 578 38.
279 497 354 561 exin
392 497 554 562 Saturnus
582 514 717 557 uxorem
748 494 841 558 duxit
872 477 992 577 Opem.
1048 495 1159 571 Titan,
1194 498 1251 578 qui

235 602 340 664 maior
356 610 436 662 natu
453 609 534 674 erat,
553 599 699 681 postulat
714 607 751 661 ut
766 598 838 679 ipse
860 608 1024 679 regnaret.
1071 599 1117 663 ibi
1134 602 1249 676 Vesta,

236 716 342 768 mater
369 724 492 779 eorum,
517 713 551 765 et
577 722 716 777 sorores,
742 703 844 771 Ceres
872 712 972 785 atque
1000 703 1083 785 Ops,
1109 705 1251 769 suadent

238 811 383 874 Saturno
404 817 440 869 ut
461 807 502 870 de
524 827 628 888 regno
650 826 717 868 non
737 807 899 869 concedat
920 807 1023 870 fratri.
1072 809 1118 872 ibi
1140 809 1249 885 Titan,

189 941 202 994 5
237 913 294 996 qui
310 912 396 975 facie
412 911 555 973 deterior
569 919 658 973 esset
670 930 769 991 quam
788 910 961 986 Saturnus,
975 911 1096 976 idcirco
1112 923 1146 976 et
1161 914 1250 995 quod

237 1015 373 1080 uidebat
400 1024 538 1077 matrem
563 1023 662 1096 atque
686 1033 816 1076 sorores
844 1034 921 1078 suas
948 1036 1084 1098 operam
1112 1017 1192 1080 dare
1215 1028 1251 1080 ut

240 1122 404 1185 Saturnus
430 1128 595 1200 regnaret,
622 1117 786 1181 concessit
813 1118 844 1181 ei
870 1129 907 1182 ut
931 1119 959 1182 is
984 1129 1147 1202 regnaret.
1195 1122 1251 1184 ita-

131 1216 135 1222 ’
238 1245 302 1307 que
319 1233 438 1305 pactus
454 1232 505 1285 est
520 1243 596 1285 curn
613 1222 767 1297 Saturno,
785 1222 833 1285 uti
849 1222 877 1285 si
893 1223 972 1306 quid
993 1224 1131 1287 liberum
1149 1225 1251 1288 uirilis

238 1345 335 1387 sexus
352 1324 383 1386 ei
402 1332 516 1385 natum
538 1331 635 1398 esset,
653 1341 696 1385 ne
717 1322 882 1386 educaret.
929 1323 962 1385 id
986 1324 1056 1386 eius
1080 1325 1127 1388 rei
1150 1345 1251 1388 causa

175 1457 204 1492 10
238 1427 326 1504 fecit,
340 1427 388 1490 uti
401 1427 443 1489 ad
459 1447 537 1489 suos
553 1421 675 1508 gnatos
691 1446 831 1508 regnum
848 1427 978 1490 rediret.
1018 1438 1087 1490 tum
1107 1429 1251 1493 Saturno

239 1517 324 1595 filius
346 1532 402 1613 qui
422 1531 548 1612 primus
571 1540 670 1594 natus
693 1540 753 1605 est,
771 1551 847 1593 eum
871 1542 1084 1595 necauerunt.
1132 1533 1251 1596 deinde

239 1635 404 1718 posterius
420 1634 490 1697 nati
507 1644 585 1697 sunt
600 1634 734 1716 gemini,
755 1635 908 1716 Iuppiter
923 1645 1023 1718 atque
1040 1637 1134 1700 Iuno.
1180 1647 1251 1700 tum

240 1742 403 1803 lunonem
422 1740 566 1803 Saturno
583 1739 615 1800 in
633 1748 849 1819 conspectum
866 1739 997 1814 dedere,
1015 1750 1114 1823 atque
1135 1742 1251 1804 Iouem

239 1845 324 1907 clam
353 1843 572 1917 abscondunt,
596 1842 744 1923 dantque
771 1861 847 1904 eum
875 1844 1000 1906 Vestae
1031 1844 1251 1920 educandum,

176 1975 205 2028 15
240 1949 387 2011 celantes
419 1947 609 2012 Saturnum.
657 1946 736 2008 item
766 1947 961 2027 Neptunum
990 1948 1075 2010 clam
1107 1949 1253 2012 Saturno

241 2052 314 2134 Ops
331 2051 427 2133 parit,
444 2070 588 2132 eumque
607 2050 795 2113 clanculum
817 2050 997 2114 abscondit.
1045 2052 1087 2114 ad
1109 2053 1252 2115 eundem

240 2156 375 2219 modum
398 2155 495 2218 tertio
521 2164 618 2236 partu
640 2153 714 2235 Ops
738 2153 824 2234 parit
847 2154 998 2234 geminos
1024 2156 1197 2219 Plutonem
1221 2167 1254 2220 et

240 2261 412 2324 Glaucam.
470 2259 565 2320 Pluto
590 2257 710 2320 Latine
735 2267 786 2319 est
813 2257 875 2320 Dis
899 2268 1013 2338 pater:
1048 2259 1102 2322 alii
1127 2260 1253 2325 Orcum

240 2374 371 2427 uocant.
427 2362 471 2425 ibi
498 2362 660 2426 Glaucam
688 2361 788 2422 filiam
822 2362 965 2425 Saturno
999 2364 1188 2440 ostendunt,
1220 2376 1253 2428 at

176 2495 207 2530 20
240 2467 343 2530 filium
377 2467 550 2529 Plutonem
581 2465 691 2528 celant
722 2475 822 2547 atque
856 2466 1074 2529 abscondunt.
1133 2468 1253 2530 deinde

241 2572 369 2636 Glauca
392 2591 496 2652 parua
520 2569 686 2632 emoritur.
734 2569 816 2632 haec
840 2579 876 2631 ut
901 2570 1026 2651 scripta
1052 2580 1138 2647 sunt,
1164 2572 1254 2634 Iouis

241 2676 448 2757 fratrumque
465 2674 535 2737 eius
552 2673 653 2754 stirps
673 2682 773 2755 atque
789 2673 944 2755 cognatio
964 2674 997 2736 in
1014 2675 1102 2738 hunc
1119 2676 1254 2738 modum

240 2779 337 2842 nobis
353 2799 392 2840 ex
408 2796 503 2841 sacra
519 2776 699 2860 scriptione
715 2777 836 2839 tradita
852 2787 910 2840 est.
1080 2821 1156 2874 Lm·
1172 2821 1194 2872 Ι,
1212 2835 1221 2872 Ι
1225 2835 1253 2886 4·

154 3021 207 3082 39.
285 3023 362 3066 nam
379 3023 454 3066 cum
471 3012 576 3066 terras
592 3001 752 3078 circuiret,
770 3010 807 3064 ut
828 3000 861 3063 in
883 3021 1128 3086 quamcumque
1151 3003 1255 3085 regio-

241 3126 318 3169 nem
342 3117 488 3182 uenerat‚
509 3126 606 3188 reges
630 3105 865 3188 principesque
889 3106 1086 3187 populorum
1111 3108 1254 3189 hospitio

242 3210 358 3273 sibiet
380 3209 525 3272 amicitia
548 3209 734 3290 copulabat,
752 3219 786 3272 et
808 3229 883 3272 cum
908 3229 927 3271 a
951 3230 1083 3292 quoque
1106 3211 1255 3292 digrede-

241 3324 339 3389 retur,
360 3314 496 3376 iubebat
519 3313 580 3376 sibi
604 3314 720 3375 fanum
744 3312 849 3376 creari
873 3313 1012 3394 hospitis
1035 3314 1086 3376 sui
1110 3315 1252 3391 nomine,

194 3442 207 3495 5
243 3417 338 3500 quasi
365 3417 410 3480 ita
437 3427 550 3498 posset
573 3417 737 3480 amicitiae
762 3409 795 3480 et
822 3417 967 3480 foederis
994 3419 1153 3481 memoria
1180 3439 1255 3482 con-

242 3519 376 3584 seruari.
424 3521 470 3584 sic
501 3521 680 3584 constituta
711 3530 789 3583 sunt
819 3522 944 3602 templa
976 3521 1048 3583 Ioui
1079 3523 1253 3599 Ataburio,

244 3625 317 3688 Ioui
342 3625 541 3687 Labrandio.
588 3625 773 3687 Ataburius
796 3624 884 3686 enim
908 3635 941 3686 et
967 3625 1176 3689 Labrandius
1200 3629 1255 3690 ho·
1304 3643 1307 3649 ’

243 3729 347 3812 spites
375 3729 445 3792 eius
473 3739 572 3811 atque
600 3728 768 3791 adiutores
795 3727 827 3789 in
859 3728 946 3790 bello
978 3729 1121 3792 luerunt.
1176 3731 1254 3794 item
