2934 4236
195 271 252 318 102
297 261 300 267 ’
453 263 664 312 FRAGMENTS
687 263 731 312 OF
754 263 880 312 RonAN
903 263 1030 314 SATIRE

242 422 284 484 ab
315 421 370 484 illa
405 421 494 504 petii,
526 441 697 502 nunquam
733 420 813 482 mihi
847 430 1025 503 negatum;
1061 421 1142 485 fecit
1172 443 1293 497 assem,

242 525 414 588 semissem
438 524 539 588 habui
549 547 556 602 ;
581 523 735 608 quioquid
756 521 862 600 latui,
880 525 913 587 in
930 525 1018 588 illius
1034 525 1143 588 sinum
1160 526 1294 588 deman-

242 629 328 704 daui,
353 649 585 710 necunquam
610 628 771 691 fefellitus
795 649 877 691 sum.
925 629 1023 692 huius
1045 629 1295 692 contubernalis

243 733 284 795 ad
301 733 413 794 uillam
431 752 622 813 supremum
639 732 726 794 diem
743 732 831 794 obiit.
879 732 992 814 itaque
1009 753 1069 814 per
1086 743 1217 796 scutum
1235 755 1295 814 per

205 867 218 912 5
242 857 373 900 ocream
384 856 447 917 ego
460 836 601 917 aginaui,
614 836 895 917 quemadmodum
906 837 947 898 ad
962 837 1050 898 illam
1064 837 1294 918 peruenirem:

242 939 332 1002 scitis
356 951 476 1013 autem,
502 940 535 1001 in
562 939 725 1020 angustiis
752 939 849 1002 amici
873 950 1046 1021 apparent.
1118 943 1172 1006 62.
1206 942 1294 1004 lorte

242 1045 395 1106 dominus
427 1045 576 1125 Capuam
604 1043 727 1106 exierat
755 1044 797 1105 ad
824 1054 935 1106 scruta
962 1044 1046 1106 scita
1073 1045 1291 1125 expedienda.

242 1158 360 1211 nactus
384 1168 447 1228 ego
469 1147 676 1210 occasionem
694 1148 879 1228 persuadeo
897 1147 1062 1230 hospitem
1079 1158 1239 1224 nostrum,
1258 1159 1294 1211 ut

243 1272 372 1314 mecum
389 1252 431 1313 ad
448 1251 598 1333 quintum
616 1251 790 1313 miliarium
807 1251 927 1314 ueniat.
976 1262 1048 1314 erat
1063 1262 1174 1314 autem
1188 1253 1293 1328 mileS,

192 1387 219 1419 10
242 1356 337 1418 fortis
360 1366 520 1436 tanquam
538 1355 654 1418 Orcus,
702 1356 918 1436 apoculamus
935 1377 996 1418 nos
1012 1356 1099 1418 circa
1115 1355 1292 1437 gallicinia,

243 1461 321 1522 luna
348 1459 479 1522 lucebat
505 1469 664 1540 tanquam
696 1458 841 1521 meridie.
889 1459 1042 1522 uenimus
1073 1459 1160 1522 intra
1191 1461 1293 1523 moni-

242 1573 372 1626 menta:
399 1565 498 1626 homo
522 1583 615 1625 meus
639 1563 749 1643 coepit
772 1563 814 1624 ad
838 1563 939 1626 stelas
964 1564 1084 1639 facere,
1102 1563 1204 1627 sedeo
1228 1585 1293 1645 ego

242 1667 474 1731 cantabundus
499 1676 532 1728 et
557 1667 658 1729 stelas
685 1687 831 1730 numero.
879 1667 1000 1729 deinde
1028 1677 1064 1731 ut
1091 1668 1222 1748 respexi
1250 1669 1293 1730 ad

242 1772 406 1844 comitem,
431 1770 485 1833 ille
512 1770 601 1832 exuit
626 1790 661 1833 se
687 1781 720 1832 et
745 1770 856 1832 omnia
881 1770 1081 1834 uestimenta
1106 1772 1291 1834 secundum

192 1906 217 1953 15
242 1876 329 1938 uiam
348 1875 465 1957 posuit.
513 1875 594 1937 mihi
610 1875 720 1936 anima
736 1874 768 1936 in
787 1895 867 1937 naso
883 1894 965 1950 esse,
984 1874 1114 1960 stabam
1130 1861 1308 1957 tanquam*

243 1990 399 2044 mortuus.
447 1965 555 2042 atille
575 1979 817 2042 circumminxit
839 1979 1038 2042 uestimenta
1055 1989 1164 2042 suaet
1181 1981 1292 2043 subito

242 2084 340 2166 lupus
364 2085 474 2146 factus
498 2093 557 2145 est.
604 2083 706 2146 nolite
730 2103 782 2145 me
806 2083 906 2146 iocari
926 2093 1061 2164 putare;
1086 2093 1123 2146 ut
1140 2084 1291 2158 mentiar,

242 2188 362 2250 nullius
391 2187 626 2268 patrimonium
652 2187 736 2249 tanti
760 2187 856 2250 facin.
904 2188 972 2262 sed,
997 2188 1086 2269 quod
1114 2208 1291 2268 coeperam

242 2292 361 2367 dicere,
386 2293 563 2373 pnstquam
588 2291 686 2372 lupus
711 2292 820 2353 iactus
843 2301 903 2366 est,
921 2292 1046 2354 ululare
1071 2292 1181 2373 coepit
1202 2302 1236 2354 et
1257 2293 1290 2354 in

190 2430 218 2460 20
242 2396 341 2458 siluas
363 2395 459 2476 fugit.
507 2415 569 2476 ego
587 2394 738 2475 primitus
754 2395 944 2458 nesciebam
961 2394 1017 2457 ubi
1033 2415 1152 2470 essem,
1170 2395 1292 2459 deinde

242 2499 376 2575 accessi,
394 2509 431 2562 ut
454 2499 654 2561 uestimenta
674 2498 744 2561 eius
766 2499 934 2561 tollerem:
958 2499 1013 2562 illa
1030 2509 1141 2562 autem
1159 2499 1291 2581 lapidea

242 2605 332 2667 facta
355 2613 440 2666 sunt.
489 2603 545 2684 qui
568 2603 652 2665 mori
668 2602 784 2665 timore
801 2603 864 2665 nisi
880 2603 966 2684 ego?
1012 2603 1160 2684 gladium
1177 2613 1290 2667 tamen

242 2708 357 2770 strinxi
380 2717 414 2772 et
438 2707 471 2769 in
496 2717 566 2770 tota
594 2707 647 2768 uia
671 2707 806 2769 umbras
833 2707 945 2782 cecidi,
973 2708 1078 2770 donec
1106 2708 1148 2769 ad
1175 2707 1290 2770 uillam

111 2881 112 2884 Ἴ
242 2813 367 2874 amicae
391 2832 485 2874 meae
509 2811 727 2892 peruenirem.
775 2821 811 2873 ut
835 2812 927 2873 larua
951 2811 1080 2884 intraui‚
1099 2831 1206 2891 paene
1224 2812 1290 2873 ani-

147 2989 148 2992 ,
190 2945 217 2991 25
242 2937 329 2978 mam
361 2915 504 2990 ebulliui,
530 2915 630 2977 sudor
653 2914 733 2976 mihi
761 2934 820 2995 per
843 2915 1009 2977 bifurcum
1034 2913 1177 2988 uolabat,
1203 2916 1290 2977 oculi

242 3021 371 3095 mortui,
389 3020 442 3082 uix
466 3039 614 3100 unquam
636 3019 781 3080 refectus
802 3038 883 3080 sum.
934 3018 1070 3080 Melissa
1087 3037 1161 3080 mea
1178 3018 1290 3080 mirari

242 3124 361 3205 coepit,
387 3124 475 3205 quod
499 3133 567 3185 tam
592 3143 665 3185 sero
690 3121 902 3196 ambularem,
927 3132 961 3185 et
978 3122 1035 3184 “si
1057 3120 1163 3184 ante''
1182 3122 1290 3204 inquit

243 3234 260 3259 “
274 3228 432 3302 uenisses,
451 3228 568 3289 saltem
592 3226 687 3289 nobis
711 3226 914 3301 adiutasses;
941 3227 1039 3306 lupus
1062 3226 1150 3288 enim
1176 3225 1301 3294 uillam,

241 3332 377 3395 intrauit
401 3341 435 3393 et
458 3331 568 3394 omnia
592 3349 712 3411 pecora
730 3327 881 3412 perculit,
902 3339 1060 3410 tanquam
1084 3330 1193 3392 lanius
1217 3350 1289 3392 san·
1373 3345 1376 3353 ’

189 3466 217 3510 30
241 3436 376 3516 guinem
400 3435 462 3497 illis
487 3435 582 3496 misit.
631 3454 692 3496 nec
720 3444 830 3495 tamen
855 3433 976 3506 derisit,
1003 3433 1103 3494 etiarn
1129 3434 1157 3495 si
1182 3433 1287 3513 lugit;
1343 3451 1350 3460 ·

242 3559 357 3600 seruus
381 3539 469 3599 enim
494 3547 607 3600 noster
623 3537 739 3598 lancea
763 3535 882 3596 cdllum
907 3537 977 3596 eius
998 3536 1157 3598 traiecit.''
1205 3537 1288 3599 haec

242 3652 277 3702 ut
301 3641 420 3714 audiui,
446 3639 575 3720 operire
600 3639 713 3700 oculos
737 3638 877 3718 amplius
905 3659 971 3700 non
999 3639 1100 3718 potui,
1128 3640 1186 3700 sed
1215 3640 1288 3702 luce
