<?xml version="1.0" encoding="UTF-8"?>
<!DOCTYPE html PUBLIC "-//W3C//DTD XHTML 1.0 Transitional//EN"
    "http://www.w3.org/TR/xhtml1/DTD/xhtml1-transitional.dtd">
<html xmlns="http://www.w3.org/1999/xhtml" xml:lang="en" lang="en">
 <head>
  <title>
</title>
<meta http-equiv="Content-Type" content="text/html;charset=utf-8" />
  <meta name='ocr-system' content='tesseract 3.04.00' />
  <meta name='ocr-capabilities' content='ocr_page ocr_carea ocr_par ocr_line ocrx_word'/>
</head>
<body>
  <div class='ocr_page' id='page_1' title='image "./fragmentsromans01unkngoog_0183.png"; bbox 0 0 2934 4236; ppageno 0'>
   <div class='ocr_carea' id='block_1_1' title="bbox 205 293 1078 388">
    <p class='ocr_par' dir='ltr' id='par_1_1' title="bbox 205 293 1078 388">
     <span class='ocr_line' id='line_1_1' title="bbox 205 293 1078 388; baseline 0.003 -32"><span class='ocrx_word' id='word_1_1' title='bbox 205 293 266 373; x_wconf 89' lang='lat'><strong>176</strong></span> <span class='ocrx_word' id='word_1_2' title='bbox 465 306 685 388; x_wconf 25' lang='lat' dir='ltr'><strong>rxxouaxrsl</strong></span> <span class='ocrx_word' id='word_1_3' title='bbox 700 306 746 357; x_wconf 83' lang='lat' dir='ltr'><strong>or</strong></span> <span class='ocrx_word' id='word_1_4' title='bbox 767 305 894 356; x_wconf 79' lang='lat' dir='ltr'><strong>xouxx</strong></span> <span class='ocrx_word' id='word_1_5' title='bbox 916 305 1043 356; x_wconf 76' lang='lat' dir='ltr'><strong>sanna</strong></span> <span class='ocrx_word' id='word_1_6' title='bbox 1073 351 1078 359; x_wconf 91' lang='lat'>.</span> 
     </span>
    </p>
   </div>
   <div class='ocr_carea' id='block_1_2' title="bbox 151 460 1305 3769">
    <p class='ocr_par' dir='ltr' id='par_1_2' title="bbox 151 460 1305 3769">
     <span class='ocr_line' id='line_1_2' title="bbox 254 460 1304 544; baseline 0.003 -22"><span class='ocrx_word' id='word_1_7' title='bbox 254 460 418 544; x_wconf 87' lang='lat' dir='ltr'><strong>pyxidem,</strong></span> <span class='ocrx_word' id='word_1_8' title='bbox 452 463 505 526; x_wconf 88' lang='lat' dir='ltr'><strong>uel</strong></span> <span class='ocrx_word' id='word_1_9' title='bbox 540 462 674 526; x_wconf 92' lang='lat' dir='ltr'><strong>omnino</strong></span> <span class='ocrx_word' id='word_1_10' title='bbox 709 462 842 526; x_wconf 92' lang='lat' dir='ltr'><strong>diuinae</strong></span> <span class='ocrx_word' id='word_1_11' title='bbox 876 461 1117 526; x_wconf 83' lang='lat' dir='ltr'><strong>formonsitatis</strong></span> <span class='ocrx_word' id='word_1_12' title='bbox 1154 460 1304 525; x_wconf 89' lang='lat' dir='ltr'><strong>abditum</strong></span> 
     </span>
     <span class='ocr_line' id='line_1_3' title="bbox 253 563 674 630; baseline 0.007 -4"><span class='ocrx_word' id='word_1_13' title='bbox 253 563 413 629; x_wconf 88' lang='lat' dir='ltr'>curiosius</span> <span class='ocrx_word' id='word_1_14' title='bbox 436 567 674 630; x_wconf 87' lang='lat' dir='ltr'><strong>thensaurum&#39;</strong></span> 
     </span>
     <span class='ocr_line' id='line_1_4' title="bbox 297 669 1304 752; baseline 0.001 -21"><span class='ocrx_word' id='word_1_15' title='bbox 297 686 350 734; x_wconf 84' lang='lat' dir='ltr'><strong>ao.</strong></span> <span class='ocrx_word' id='word_1_16' title='bbox 383 669 430 733; x_wconf 91' lang='lat' dir='ltr'><strong>sic</strong></span> <span class='ocrx_word' id='word_1_17' title='bbox 464 671 563 733; x_wconf 93' lang='lat' dir='ltr'><strong>turris</strong></span> <span class='ocrx_word' id='word_1_18' title='bbox 596 670 651 733; x_wconf 93' lang='lat' dir='ltr'><strong>illa</strong></span> <span class='ocrx_word' id='word_1_19' title='bbox 685 670 864 752; x_wconf 90' lang='lat' dir='ltr'><strong>prospicua</strong></span> <span class='ocrx_word' id='word_1_20' title='bbox 900 669 1145 734; x_wconf 88' lang='lat' dir='ltr'><strong>uaticinationis</strong></span> <span class='ocrx_word' id='word_1_21' title='bbox 1183 690 1304 733; x_wconf 92' lang='lat' dir='ltr'><strong>munus</strong></span> 
     </span>
     <span class='ocr_line' id='line_1_5' title="bbox 252 773 1305 859; baseline 0 -23"><span class='ocrx_word' id='word_1_22' title='bbox 252 773 417 855; x_wconf 86' lang='lat' dir='ltr'><strong>explicuit.</strong></span> <span class='ocrx_word' id='word_1_23' title='bbox 471 794 534 837; x_wconf 89' lang='lat' dir='ltr'><strong>nec</strong></span> <span class='ocrx_word' id='word_1_24' title='bbox 558 784 685 837; x_wconf 87' lang='lat' dir='ltr'><strong>morata</strong></span> <span class='ocrx_word' id='word_1_25' title='bbox 710 775 838 859; x_wconf 89' lang='lat' dir='ltr'>Psyche</span> <span class='ocrx_word' id='word_1_26' title='bbox 862 773 972 856; x_wconf 89' lang='lat' dir='ltr'><strong>pergit</strong></span> <span class='ocrx_word' id='word_1_27' title='bbox 994 775 1195 850; x_wconf 84' lang='lat' dir='ltr'>Taenarum,</span> <span class='ocrx_word' id='word_1_28' title='bbox 1219 794 1305 837; x_wconf 94' lang='lat' dir='ltr'><strong>sum-</strong></span> 
     </span>
     <span class='ocr_line' id='line_1_6' title="bbox 214 876 1304 959; baseline 0.001 -20"><span class='ocrx_word' id='word_1_29' title='bbox 214 876 385 959; x_wconf 82' lang='lat' dir='ltr'><strong>5ptisque</strong></span> <span class='ocrx_word' id='word_1_30' title='bbox 412 877 472 940; x_wconf 89' lang='lat' dir='ltr'><strong>rite</strong></span> <span class='ocrx_word' id='word_1_31' title='bbox 500 877 641 959; x_wconf 91' lang='lat' dir='ltr'><strong>stipibus</strong></span> <span class='ocrx_word' id='word_1_32' title='bbox 668 877 731 942; x_wconf 92' lang='lat' dir='ltr'><strong>illis</strong></span> <span class='ocrx_word' id='word_1_33' title='bbox 758 888 791 940; x_wconf 88' lang='lat' dir='ltr'><strong>et</strong></span> <span class='ocrx_word' id='word_1_34' title='bbox 818 877 932 940; x_wconf 86' lang='lat' dir='ltr'><strong>offulis</strong></span> <span class='ocrx_word' id='word_1_35' title='bbox 959 877 1128 941; x_wconf 85' lang='lat' dir='ltr'><strong>infernum</strong></span> <span class='ocrx_word' id='word_1_36' title='bbox 1159 877 1304 942; x_wconf 82' lang='lat' dir='ltr'><strong>decurrit</strong></span> 
     </span>
     <span class='ocr_line' id='line_1_7' title="bbox 252 977 1304 1064; baseline 0.001 -21"><span class='ocrx_word' id='word_1_37' title='bbox 252 990 408 1056; x_wconf 90' lang='lat' dir='ltr'><strong>meatum,</strong></span> <span class='ocrx_word' id='word_1_38' title='bbox 436 980 643 1063; x_wconf 91' lang='lat' dir='ltr'><strong>transitoque</strong></span> <span class='ocrx_word' id='word_1_39' title='bbox 674 1002 733 1064; x_wconf 92' lang='lat' dir='ltr'><strong>per</strong></span> <span class='ocrx_word' id='word_1_40' title='bbox 760 981 927 1044; x_wconf 89' lang='lat' dir='ltr'><strong>silentium</strong></span> <span class='ocrx_word' id='word_1_41' title='bbox 958 981 1102 1045; x_wconf 91' lang='lat' dir='ltr'><strong>asinario</strong></span> <span class='ocrx_word' id='word_1_42' title='bbox 1132 977 1242 1057; x_wconf 90' lang='lat' dir='ltr'><strong>debili,</strong></span> <span class='ocrx_word' id='word_1_43' title='bbox 1270 991 1304 1044; x_wconf 91' lang='lat' dir='ltr'><strong>et</strong></span> 
     </span>
     <span class='ocr_line' id='line_1_8' title="bbox 252 1084 1304 1167; baseline 0 -21"><span class='ocrx_word' id='word_1_44' title='bbox 252 1084 383 1147; x_wconf 89' lang='lat' dir='ltr'><strong>amnica</strong></span> <span class='ocrx_word' id='word_1_45' title='bbox 399 1085 485 1167; x_wconf 90' lang='lat' dir='ltr'><strong>stipe</strong></span> <span class='ocrx_word' id='word_1_46' title='bbox 502 1085 627 1149; x_wconf 89' lang='lat' dir='ltr'><strong>uectori</strong></span> <span class='ocrx_word' id='word_1_47' title='bbox 643 1085 730 1161; x_wconf 90' lang='lat' dir='ltr'><strong>data,</strong></span> <span class='ocrx_word' id='word_1_48' title='bbox 748 1085 903 1166; x_wconf 85' lang='lat' dir='ltr'><strong>neglecto</strong></span> <span class='ocrx_word' id='word_1_49' title='bbox 920 1085 1168 1167; x_wconf 90' lang='lat' dir='ltr'><strong>supernatantis</strong></span> <span class='ocrx_word' id='word_1_50' title='bbox 1184 1085 1304 1148; x_wconf 92' lang='lat' dir='ltr'><strong>mortui</strong></span> 
     </span>
     <span class='ocr_line' id='line_1_9' title="bbox 252 1188 1305 1272; baseline -0.001 -21"><span class='ocrx_word' id='word_1_51' title='bbox 252 1188 424 1265; x_wconf 91' lang='lat' dir='ltr'><strong>desiderio,</strong></span> <span class='ocrx_word' id='word_1_52' title='bbox 442 1199 475 1252; x_wconf 88' lang='lat' dir='ltr'><strong>et</strong></span> <span class='ocrx_word' id='word_1_53' title='bbox 491 1189 611 1271; x_wconf 91' lang='lat' dir='ltr'><strong>spretis</strong></span> <span class='ocrx_word' id='word_1_54' title='bbox 632 1189 807 1252; x_wconf 86' lang='lat' dir='ltr'><strong>textricum</strong></span> <span class='ocrx_word' id='word_1_55' title='bbox 827 1188 974 1252; x_wconf 92' lang='lat' dir='ltr'><strong>subdolis</strong></span> <span class='ocrx_word' id='word_1_56' title='bbox 991 1188 1154 1272; x_wconf 91' lang='lat' dir='ltr'><strong>precibus,</strong></span> <span class='ocrx_word' id='word_1_57' title='bbox 1172 1197 1207 1252; x_wconf 93' lang='lat' dir='ltr'><strong>et</strong></span> <span class='ocrx_word' id='word_1_58' title='bbox 1222 1189 1305 1251; x_wconf 84' lang='lat' dir='ltr'><strong>offu-</strong></span> 
     </span>
     <span class='ocr_line' id='line_1_10' title="bbox 252 1291 1303 1375; baseline 0 -21"><span class='ocrx_word' id='word_1_59' title='bbox 252 1293 303 1355; x_wconf 90' lang='lat' dir='ltr'><strong>lae</strong></span> <span class='ocrx_word' id='word_1_60' title='bbox 316 1292 390 1356; x_wconf 93' lang='lat' dir='ltr'><strong>cibo</strong></span> <span class='ocrx_word' id='word_1_61' title='bbox 402 1293 510 1375; x_wconf 91' lang='lat' dir='ltr'><strong>sopita</strong></span> <span class='ocrx_word' id='word_1_62' title='bbox 526 1293 618 1356; x_wconf 91' lang='lat' dir='ltr'><strong>canis</strong></span> <span class='ocrx_word' id='word_1_63' title='bbox 635 1293 802 1356; x_wconf 92' lang='lat' dir='ltr'><strong>horrenda</strong></span> <span class='ocrx_word' id='word_1_64' title='bbox 817 1292 917 1368; x_wconf 91' lang='lat' dir='ltr'><strong>rabie,</strong></span> <span class='ocrx_word' id='word_1_65' title='bbox 931 1292 1066 1356; x_wconf 92' lang='lat' dir='ltr'><strong>domum</strong></span> <span class='ocrx_word' id='word_1_66' title='bbox 1085 1291 1303 1375; x_wconf 90' lang='lat' dir='ltr'><strong>Proserpinae</strong></span> 
     </span>
     <span class='ocr_line' id='line_1_11' title="bbox 200 1396 1303 1478; baseline 0.003 -21"><span class='ocrx_word' id='word_1_67' title='bbox 200 1423 228 1458; x_wconf 86' lang='lat'><strong>10</strong></span> <span class='ocrx_word' id='word_1_68' title='bbox 252 1406 413 1478; x_wconf 91' lang='lat' dir='ltr'><strong>penetrat.</strong></span> <span class='ocrx_word' id='word_1_69' title='bbox 464 1417 525 1460; x_wconf 90' lang='lat' dir='ltr'><strong>nec</strong></span> <span class='ocrx_word' id='word_1_70' title='bbox 549 1397 722 1460; x_wconf 88' lang='lat' dir='ltr'><strong>offerentis</strong></span> <span class='ocrx_word' id='word_1_71' title='bbox 746 1396 898 1478; x_wconf 86' lang='lat' dir='ltr'><strong>hospitae</strong></span> <span class='ocrx_word' id='word_1_72' title='bbox 922 1397 1025 1460; x_wconf 91' lang='lat' dir='ltr'><strong>sedile</strong></span> <span class='ocrx_word' id='word_1_73' title='bbox 1048 1396 1226 1460; x_wconf 93' lang='lat' dir='ltr'><strong>delicatum</strong></span> <span class='ocrx_word' id='word_1_74' title='bbox 1249 1397 1303 1460; x_wconf 88' lang='lat' dir='ltr'><strong>uel</strong></span> 
     </span>
     <span class='ocr_line' id='line_1_12' title="bbox 252 1499 1301 1583; baseline -0.001 -20"><span class='ocrx_word' id='word_1_75' title='bbox 252 1500 361 1563; x_wconf 94' lang='lat' dir='ltr'><strong>cibum</strong></span> <span class='ocrx_word' id='word_1_76' title='bbox 388 1501 523 1564; x_wconf 90' lang='lat' dir='ltr'><strong>beatum</strong></span> <span class='ocrx_word' id='word_1_77' title='bbox 547 1501 709 1582; x_wconf 90' lang='lat' dir='ltr'><strong>amplexa,</strong></span> <span class='ocrx_word' id='word_1_78' title='bbox 734 1501 794 1563; x_wconf 89' lang='lat' dir='ltr'><strong>sed</strong></span> <span class='ocrx_word' id='word_1_79' title='bbox 819 1510 896 1563; x_wconf 90' lang='lat' dir='ltr'><strong>ante</strong></span> <span class='ocrx_word' id='word_1_80' title='bbox 921 1501 1025 1583; x_wconf 89' lang='lat' dir='ltr'><strong>pedes</strong></span> <span class='ocrx_word' id='word_1_81' title='bbox 1048 1499 1120 1564; x_wconf 93' lang='lat' dir='ltr'><strong>eius</strong></span> <span class='ocrx_word' id='word_1_82' title='bbox 1143 1499 1301 1576; x_wconf 89' lang='lat' dir='ltr'><strong>residens,</strong></span> 
     </span>
     <span class='ocr_line' id='line_1_13' title="bbox 252 1603 1304 1686; baseline -0.005 -14"><span class='ocrx_word' id='word_1_83' title='bbox 252 1604 394 1680; x_wconf 93' lang='lat' dir='ltr'><strong>humilis,</strong></span> <span class='ocrx_word' id='word_1_84' title='bbox 424 1604 547 1668; x_wconf 92' lang='lat' dir='ltr'><strong>cibario</strong></span> <span class='ocrx_word' id='word_1_85' title='bbox 578 1625 665 1686; x_wconf 92' lang='lat' dir='ltr'><strong>pane</strong></span> <span class='ocrx_word' id='word_1_86' title='bbox 696 1614 854 1668; x_wconf 91' lang='lat' dir='ltr'><strong>contenta</strong></span> <span class='ocrx_word' id='word_1_87' title='bbox 885 1603 1064 1668; x_wconf 90' lang='lat' dir='ltr'><strong>Veneriam</strong></span> <span class='ocrx_word' id='word_1_88' title='bbox 1096 1603 1232 1685; x_wconf 91' lang='lat' dir='ltr'><strong>pertulit</strong></span> <span class='ocrx_word' id='word_1_89' title='bbox 1262 1603 1304 1667; x_wconf 91' lang='lat' dir='ltr'><strong>le-</strong></span> 
     </span>
     <span class='ocr_line' id='line_1_14' title="bbox 251 1708 1303 1791; baseline -0.002 -20"><span class='ocrx_word' id='word_1_90' title='bbox 251 1708 429 1788; x_wconf 85' lang='lat' dir='ltr'><strong>gationem.</strong></span> <span class='ocrx_word' id='word_1_91' title='bbox 486 1708 664 1791; x_wconf 88' lang='lat' dir='ltr'><strong>statimque</strong></span> <span class='ocrx_word' id='word_1_92' title='bbox 691 1718 820 1772; x_wconf 89' lang='lat' dir='ltr'><strong>secreto</strong></span> <span class='ocrx_word' id='word_1_93' title='bbox 851 1708 1013 1789; x_wconf 89' lang='lat' dir='ltr'><strong>repletam</strong></span> <span class='ocrx_word' id='word_1_94' title='bbox 1044 1708 1303 1789; x_wconf 86' lang='lat' dir='ltr'><strong>conclusamque</strong></span> 
     </span>
     <span class='ocr_line' id='line_1_15' title="bbox 252 1810 1304 1896; baseline -0.001 -22"><span class='ocrx_word' id='word_1_95' title='bbox 252 1812 407 1896; x_wconf 93' lang='lat' dir='ltr'><strong>pyxidem</strong></span> <span class='ocrx_word' id='word_1_96' title='bbox 424 1812 570 1894; x_wconf 90' lang='lat' dir='ltr'><strong>suscipit,</strong></span> <span class='ocrx_word' id='word_1_97' title='bbox 588 1822 622 1876; x_wconf 93' lang='lat' dir='ltr'><strong>et</strong></span> <span class='ocrx_word' id='word_1_98' title='bbox 637 1813 760 1876; x_wconf 86' lang='lat' dir='ltr'><strong>offulae</strong></span> <span class='ocrx_word' id='word_1_99' title='bbox 778 1811 948 1894; x_wconf 90' lang='lat' dir='ltr'><strong>sequentis</strong></span> <span class='ocrx_word' id='word_1_100' title='bbox 972 1811 1089 1874; x_wconf 83' lang='lat' dir='ltr'><strong>fraude</strong></span> <span class='ocrx_word' id='word_1_101' title='bbox 1113 1810 1240 1874; x_wconf 92' lang='lat' dir='ltr'><strong>caninis</strong></span> <span class='ocrx_word' id='word_1_102' title='bbox 1261 1811 1304 1873; x_wconf 90' lang='lat' dir='ltr'><strong>la-</strong></span> 
     </span>
     <span class='ocr_line' id='line_1_16' title="bbox 201 1915 1303 1999; baseline 0.001 -22"><span class='ocrx_word' id='word_1_103' title='bbox 201 1944 227 1990; x_wconf 78' lang='lat'><strong>15</strong></span> <span class='ocrx_word' id='word_1_104' title='bbox 251 1917 391 1979; x_wconf 91' lang='lat' dir='ltr'><strong>tratibus</strong></span> <span class='ocrx_word' id='word_1_105' title='bbox 415 1915 576 1980; x_wconf 89' lang='lat' dir='ltr'><strong>obseratis</strong></span> <span class='ocrx_word' id='word_1_106' title='bbox 592 1916 790 1999; x_wconf 91' lang='lat' dir='ltr'><strong>residuaque</strong></span> <span class='ocrx_word' id='word_1_107' title='bbox 806 1915 939 1979; x_wconf 90' lang='lat' dir='ltr'><strong>navitae</strong></span> <span class='ocrx_word' id='word_1_108' title='bbox 956 1915 1085 1978; x_wconf 92' lang='lat' dir='ltr'><strong>reddita</strong></span> <span class='ocrx_word' id='word_1_109' title='bbox 1101 1915 1187 1996; x_wconf 92' lang='lat' dir='ltr'><strong>stipe</strong></span> <span class='ocrx_word' id='word_1_110' title='bbox 1204 1916 1303 1996; x_wconf 89' lang='lat' dir='ltr'><strong>longe</strong></span> 
     </span>
     <span class='ocr_line' id='line_1_17' title="bbox 251 2019 1303 2102; baseline -0.002 -20"><span class='ocrx_word' id='word_1_111' title='bbox 251 2019 401 2101; x_wconf 83' lang='lat' dir='ltr'><strong>vegetior</strong></span> <span class='ocrx_word' id='word_1_112' title='bbox 417 2020 458 2082; x_wconf 93' lang='lat' dir='ltr'><strong>ab</strong></span> <span class='ocrx_word' id='word_1_113' title='bbox 475 2020 590 2083; x_wconf 85' lang='lat' dir='ltr'><strong>inferis</strong></span> <span class='ocrx_word' id='word_1_114' title='bbox 604 2020 741 2083; x_wconf 91' lang='lat' dir='ltr'><strong>recurrit</strong></span> <span class='ocrx_word' id='word_1_115' title='bbox 754 2029 787 2082; x_wconf 91' lang='lat' dir='ltr'><strong>et</strong></span> <span class='ocrx_word' id='word_1_116' title='bbox 800 2019 942 2101; x_wconf 90' lang='lat' dir='ltr'><strong>repetita</strong></span> <span class='ocrx_word' id='word_1_117' title='bbox 959 2030 1059 2102; x_wconf 91' lang='lat' dir='ltr'><strong>atque</strong></span> <span class='ocrx_word' id='word_1_118' title='bbox 1075 2019 1214 2082; x_wconf 91' lang='lat' dir='ltr'><strong>adorata</strong></span> <span class='ocrx_word' id='word_1_119' title='bbox 1229 2039 1303 2082; x_wconf 92' lang='lat' dir='ltr'><strong>can-</strong></span> 
     </span>
     <span class='ocr_line' id='line_1_18' title="bbox 252 2123 1303 2206; baseline 0.002 -21"><span class='ocrx_word' id='word_1_120' title='bbox 252 2123 328 2186; x_wconf 92' lang='lat' dir='ltr'><strong>dida</strong></span> <span class='ocrx_word' id='word_1_121' title='bbox 345 2124 407 2186; x_wconf 90' lang='lat' dir='ltr'><strong>ista</strong></span> <span class='ocrx_word' id='word_1_122' title='bbox 423 2124 495 2186; x_wconf 90' lang='lat' dir='ltr'><strong>luce</strong></span> <span class='ocrx_word' id='word_1_123' title='bbox 512 2144 714 2206; x_wconf 91' lang='lat' dir='ltr'><strong>quamquam</strong></span> <span class='ocrx_word' id='word_1_124' title='bbox 730 2123 895 2187; x_wconf 83' lang='lat' dir='ltr'><strong>festinans</strong></span> <span class='ocrx_word' id='word_1_125' title='bbox 912 2124 1109 2206; x_wconf 89' lang='lat' dir='ltr'><strong>obsequium</strong></span> <span class='ocrx_word' id='word_1_126' title='bbox 1125 2125 1303 2188; x_wconf 90' lang='lat' dir='ltr'><strong>terminare</strong></span> 
     </span>
     <span class='ocr_line' id='line_1_19' title="bbox 252 2227 1301 2312; baseline 0.002 -23"><span class='ocrx_word' id='word_1_127' title='bbox 252 2237 398 2290; x_wconf 92' lang='lat' dir='ltr'><strong>mentem</strong></span> <span class='ocrx_word' id='word_1_128' title='bbox 422 2227 551 2309; x_wconf 86' lang='lat' dir='ltr'><strong>capitur</strong></span> <span class='ocrx_word' id='word_1_129' title='bbox 571 2228 746 2290; x_wconf 87' lang='lat' dir='ltr'><strong>temeraria</strong></span> <span class='ocrx_word' id='word_1_130' title='bbox 769 2227 967 2304; x_wconf 90' lang='lat' dir='ltr'><strong>curiositate,</strong></span> <span class='ocrx_word' id='word_1_131' title='bbox 990 2239 1024 2292; x_wconf 95' lang='lat' dir='ltr'><strong>et</strong></span> <span class='ocrx_word' id='word_1_132' title='bbox 1046 2227 1163 2305; x_wconf 89' lang='lat' dir='ltr'><strong>‘ecce,’</strong></span> <span class='ocrx_word' id='word_1_133' title='bbox 1186 2228 1301 2312; x_wconf 92' lang='lat' dir='ltr'><strong>inquit,</strong></span> 
     </span>
     <span class='ocr_line' id='line_1_20' title="bbox 253 2331 1304 2416; baseline 0.002 -23"><span class='ocrx_word' id='word_1_134' title='bbox 253 2332 382 2413; x_wconf 85' lang='lat' dir='ltr'><strong>‘inepta</strong></span> <span class='ocrx_word' id='word_1_135' title='bbox 400 2351 463 2412; x_wconf 87' lang='lat' dir='ltr'><strong>ego</strong></span> <span class='ocrx_word' id='word_1_136' title='bbox 483 2331 614 2394; x_wconf 86' lang='lat' dir='ltr'><strong>divinae</strong></span> <span class='ocrx_word' id='word_1_137' title='bbox 638 2332 878 2395; x_wconf 82' lang='lat' dir='ltr'><strong>formonsitatis</strong></span> <span class='ocrx_word' id='word_1_138' title='bbox 902 2333 1018 2414; x_wconf 87' lang='lat' dir='ltr'><strong>gerula</strong></span> <span class='ocrx_word' id='word_1_139' title='bbox 1040 2353 1126 2416; x_wconf 87' lang='lat' dir='ltr'><strong>quae</strong></span> <span class='ocrx_word' id='word_1_140' title='bbox 1149 2353 1211 2397; x_wconf 89' lang='lat' dir='ltr'><strong>nec</strong></span> <span class='ocrx_word' id='word_1_141' title='bbox 1233 2342 1304 2396; x_wconf 90' lang='lat' dir='ltr'><strong>tan-</strong></span> 
     </span>
     <span class='ocr_line' id='line_1_21' title="bbox 198 2435 1304 2518; baseline 0.002 -20"><span class='ocrx_word' id='word_1_142' title='bbox 198 2467 228 2498; x_wconf 76' lang='lat'><strong>20</strong></span> <span class='ocrx_word' id='word_1_143' title='bbox 251 2437 357 2498; x_wconf 91' lang='lat' dir='ltr'><strong>tillum</strong></span> <span class='ocrx_word' id='word_1_144' title='bbox 378 2435 511 2518; x_wconf 90' lang='lat' dir='ltr'><strong>quidem</strong></span> <span class='ocrx_word' id='word_1_145' title='bbox 536 2435 683 2497; x_wconf 89' lang='lat' dir='ltr'><strong>indidem</strong></span> <span class='ocrx_word' id='word_1_146' title='bbox 707 2435 788 2497; x_wconf 91' lang='lat' dir='ltr'><strong>mihi</strong></span> <span class='ocrx_word' id='word_1_147' title='bbox 810 2436 930 2511; x_wconf 89' lang='lat' dir='ltr'><strong>delib0,</strong></span> <span class='ocrx_word' id='word_1_148' title='bbox 947 2438 1002 2501; x_wconf 91' lang='lat' dir='ltr'><strong>uel</strong></span> <span class='ocrx_word' id='word_1_149' title='bbox 1025 2437 1072 2501; x_wconf 92' lang='lat' dir='ltr'><strong>sic</strong></span> <span class='ocrx_word' id='word_1_150' title='bbox 1095 2437 1142 2511; x_wconf 86' lang='lat' dir='ltr'><strong>illi</strong></span> <span class='ocrx_word' id='word_1_151' title='bbox 1164 2436 1304 2501; x_wconf 90' lang='lat' dir='ltr'><strong>amatori</strong></span> 
     </span>
     <span class='ocr_line' id='line_1_22' title="bbox 251 2538 1304 2626; baseline 0.002 -24"><span class='ocrx_word' id='word_1_152' title='bbox 251 2561 326 2603; x_wconf 91' lang='lat' dir='ltr'><strong>meo</strong></span> <span class='ocrx_word' id='word_1_153' title='bbox 357 2541 527 2604; x_wconf 81' lang='lat' dir='ltr'><strong>formonso</strong></span> <span class='ocrx_word' id='word_1_154' title='bbox 559 2538 740 2621; x_wconf 88' lang='lat' dir='ltr'><strong>placitura’</strong></span> <span class='ocrx_word' id='word_1_155' title='bbox 787 2549 821 2603; x_wconf 90' lang='lat' dir='ltr'><strong>et</strong></span> <span class='ocrx_word' id='word_1_156' title='bbox 847 2561 923 2604; x_wconf 93' lang='lat' dir='ltr'><strong>cum</strong></span> <span class='ocrx_word' id='word_1_157' title='bbox 950 2541 1039 2605; x_wconf 92' lang='lat' dir='ltr'><strong>dicto</strong></span> <span class='ocrx_word' id='word_1_158' title='bbox 1065 2551 1196 2605; x_wconf 88' lang='lat' dir='ltr'><strong>reserat</strong></span> <span class='ocrx_word' id='word_1_159' title='bbox 1214 2541 1304 2626; x_wconf 92' lang='lat' dir='ltr'><strong>pyxi-</strong></span> 
     </span>
     <span class='ocr_line' id='line_1_23' title="bbox 251 2643 1304 2726; baseline 0.002 -19"><span class='ocrx_word' id='word_1_160' title='bbox 251 2644 335 2707; x_wconf 90' lang='lat' dir='ltr'><strong>dem.</strong></span> <span class='ocrx_word' id='word_1_161' title='bbox 399 2662 452 2706; x_wconf 88' lang='lat'><strong>21.</strong></span> <span class='ocrx_word' id='word_1_162' title='bbox 472 2643 724 2726; x_wconf 90' lang='lat' dir='ltr'><strong>necquicquam</strong></span> <span class='ocrx_word' id='word_1_163' title='bbox 741 2643 787 2708; x_wconf 92' lang='lat' dir='ltr'><strong>ibi</strong></span> <span class='ocrx_word' id='word_1_164' title='bbox 801 2664 911 2707; x_wconf 91' lang='lat' dir='ltr'><strong>rerum</strong></span> <span class='ocrx_word' id='word_1_165' title='bbox 928 2665 990 2708; x_wconf 91' lang='lat' dir='ltr'><strong>nec</strong></span> <span class='ocrx_word' id='word_1_166' title='bbox 1006 2645 1220 2710; x_wconf 90' lang='lat' dir='ltr'><strong>formonsitas</strong></span> <span class='ocrx_word' id='word_1_167' title='bbox 1235 2646 1304 2709; x_wconf 93' lang='lat' dir='ltr'><strong>ulla</strong></span> 
     </span>
     <span class='ocr_line' id='line_1_24' title="bbox 251 2748 1303 2833; baseline 0.003 -22"><span class='ocrx_word' id='word_1_168' title='bbox 251 2749 311 2811; x_wconf 91' lang='lat' dir='ltr'><strong>sed</strong></span> <span class='ocrx_word' id='word_1_169' title='bbox 327 2748 478 2811; x_wconf 85' lang='lat' dir='ltr'><strong>infernus</strong></span> <span class='ocrx_word' id='word_1_170' title='bbox 500 2768 637 2810; x_wconf 88' lang='lat' dir='ltr'><strong>somnus</strong></span> <span class='ocrx_word' id='word_1_171' title='bbox 661 2768 699 2811; x_wconf 90' lang='lat' dir='ltr'><strong>ac</strong></span> <span class='ocrx_word' id='word_1_172' title='bbox 722 2768 801 2811; x_wconf 91' lang='lat' dir='ltr'><strong>uere</strong></span> <span class='ocrx_word' id='word_1_173' title='bbox 827 2749 974 2833; x_wconf 87' lang='lat' dir='ltr'><strong>Stygius,</strong></span> <span class='ocrx_word' id='word_1_174' title='bbox 991 2749 1048 2831; x_wconf 94' lang='lat' dir='ltr'><strong>qui</strong></span> <span class='ocrx_word' id='word_1_175' title='bbox 1063 2749 1175 2812; x_wconf 91' lang='lat' dir='ltr'><strong>statim</strong></span> <span class='ocrx_word' id='word_1_176' title='bbox 1191 2769 1303 2832; x_wconf 91' lang='lat' dir='ltr'><strong>coper-</strong></span> 
     </span>
     <span class='ocr_line' id='line_1_25' title="bbox 251 2851 1304 2935; baseline 0.002 -20"><span class='ocrx_word' id='word_1_177' title='bbox 251 2853 326 2915; x_wconf 94' lang='lat' dir='ltr'><strong>culo</strong></span> <span class='ocrx_word' id='word_1_178' title='bbox 352 2853 519 2915; x_wconf 89' lang='lat' dir='ltr'><strong>reuelatus</strong></span> <span class='ocrx_word' id='word_1_179' title='bbox 547 2851 675 2914; x_wconf 91' lang='lat' dir='ltr'><strong>inuadit</strong></span> <span class='ocrx_word' id='word_1_180' title='bbox 702 2873 785 2928; x_wconf 89' lang='lat' dir='ltr'><strong>eam,</strong></span> <span class='ocrx_word' id='word_1_181' title='bbox 813 2873 990 2935; x_wconf 90' lang='lat' dir='ltr'><strong>crassaque</strong></span> <span class='ocrx_word' id='word_1_182' title='bbox 1022 2853 1150 2935; x_wconf 91' lang='lat' dir='ltr'><strong>soporis</strong></span> <span class='ocrx_word' id='word_1_183' title='bbox 1181 2854 1304 2918; x_wconf 92' lang='lat' dir='ltr'><strong>nebula</strong></span> 
     </span>
     <span class='ocr_line' id='line_1_26' title="bbox 198 2955 1303 3039; baseline 0.002 -21"><span class='ocrx_word' id='word_1_184' title='bbox 198 2983 227 3032; x_wconf 81' lang='lat'><strong>25</strong></span> <span class='ocrx_word' id='word_1_185' title='bbox 251 2955 379 3019; x_wconf 93' lang='lat' dir='ltr'><strong>cunctis</strong></span> <span class='ocrx_word' id='word_1_186' title='bbox 404 2955 474 3018; x_wconf 90' lang='lat' dir='ltr'><strong>eius</strong></span> <span class='ocrx_word' id='word_1_187' title='bbox 502 2955 659 3021; x_wconf 89' lang='lat' dir='ltr'><strong>membris</strong></span> <span class='ocrx_word' id='word_1_188' title='bbox 687 2957 908 3037; x_wconf 84' lang='lat' dir='ltr'><strong>perfunditur,</strong></span> <span class='ocrx_word' id='word_1_189' title='bbox 938 2967 971 3019; x_wconf 89' lang='lat' dir='ltr'><strong>et</strong></span> <span class='ocrx_word' id='word_1_190' title='bbox 999 2957 1133 3039; x_wconf 90' lang='lat' dir='ltr'><strong>inipso</strong></span> <span class='ocrx_word' id='word_1_191' title='bbox 1160 2957 1303 3038; x_wconf 87' lang='lat' dir='ltr'><strong>uestigio</strong></span> 
     </span>
     <span class='ocr_line' id='line_1_27' title="bbox 250 3059 1304 3142; baseline 0 -20"><span class='ocrx_word' id='word_1_192' title='bbox 250 3059 389 3142; x_wconf 88' lang='lat' dir='ltr'><strong>ipsaque</strong></span> <span class='ocrx_word' id='word_1_193' title='bbox 406 3059 523 3121; x_wconf 88' lang='lat' dir='ltr'><strong>semita</strong></span> <span class='ocrx_word' id='word_1_194' title='bbox 539 3059 732 3141; x_wconf 88' lang='lat' dir='ltr'><strong>conlapsam</strong></span> <span class='ocrx_word' id='word_1_195' title='bbox 749 3060 904 3141; x_wconf 91' lang='lat' dir='ltr'><strong>possidet.</strong></span> <span class='ocrx_word' id='word_1_196' title='bbox 952 3071 986 3124; x_wconf 91' lang='lat' dir='ltr'><strong>et</strong></span> <span class='ocrx_word' id='word_1_197' title='bbox 1008 3060 1138 3124; x_wconf 91' lang='lat' dir='ltr'><strong>iacebat</strong></span> <span class='ocrx_word' id='word_1_198' title='bbox 1156 3060 1304 3124; x_wconf 93' lang='lat' dir='ltr'><strong>immobi-</strong></span> 
     </span>
     <span class='ocr_line' id='line_1_28' title="bbox 250 3162 1303 3246; baseline -0.001 -19"><span class='ocrx_word' id='word_1_199' title='bbox 250 3163 290 3227; x_wconf 94' lang='lat' dir='ltr'><strong>lis</strong></span> <span class='ocrx_word' id='word_1_200' title='bbox 310 3173 344 3226; x_wconf 93' lang='lat' dir='ltr'><strong>et</strong></span> <span class='ocrx_word' id='word_1_201' title='bbox 362 3162 443 3225; x_wconf 92' lang='lat' dir='ltr'><strong>nihil</strong></span> <span class='ocrx_word' id='word_1_202' title='bbox 463 3163 552 3225; x_wconf 89' lang='lat' dir='ltr'><strong>aliud</strong></span> <span class='ocrx_word' id='word_1_203' title='bbox 574 3184 674 3245; x_wconf 90' lang='lat' dir='ltr'><strong>quam</strong></span> <span class='ocrx_word' id='word_1_204' title='bbox 698 3164 866 3227; x_wconf 90' lang='lat' dir='ltr'><strong>dormiens</strong></span> <span class='ocrx_word' id='word_1_205' title='bbox 890 3164 1040 3228; x_wconf 91' lang='lat' dir='ltr'><strong>cadaver.</strong></span> <span class='ocrx_word' id='word_1_206' title='bbox 1088 3164 1147 3228; x_wconf 91' lang='lat' dir='ltr'><strong>sed</strong></span> <span class='ocrx_word' id='word_1_207' title='bbox 1171 3163 1303 3246; x_wconf 91' lang='lat' dir='ltr'><strong>Cupido</strong></span> 
     </span>
     <span class='ocr_line' id='line_1_29' title="bbox 250 3267 1304 3353; baseline -0.001 -22"><span class='ocrx_word' id='word_1_208' title='bbox 250 3267 317 3331; x_wconf 92' lang='lat' dir='ltr'><strong>iam</strong></span> <span class='ocrx_word' id='word_1_209' title='bbox 333 3267 484 3330; x_wconf 88' lang='lat' dir='ltr'><strong>cicatrice</strong></span> <span class='ocrx_word' id='word_1_210' title='bbox 502 3267 608 3330; x_wconf 92' lang='lat' dir='ltr'><strong>solida</strong></span> <span class='ocrx_word' id='word_1_211' title='bbox 624 3269 835 3331; x_wconf 89' lang='lat' dir='ltr'><strong>reualescens</strong></span> <span class='ocrx_word' id='word_1_212' title='bbox 858 3289 919 3332; x_wconf 91' lang='lat' dir='ltr'><strong>nec</strong></span> <span class='ocrx_word' id='word_1_213' title='bbox 943 3269 1104 3332; x_wconf 90' lang='lat' dir='ltr'><strong>diutinam</strong></span> <span class='ocrx_word' id='word_1_214' title='bbox 1126 3289 1205 3332; x_wconf 92' lang='lat' dir='ltr'><strong>suae</strong></span> <span class='ocrx_word' id='word_1_215' title='bbox 1226 3269 1304 3353; x_wconf 92' lang='lat' dir='ltr'><strong>Psy·</strong></span> 
     </span>
     <span class='ocr_line' id='line_1_30' title="bbox 151 3371 1302 3456; baseline 0.002 -20"><span class='ocrx_word' id='word_1_216' title='bbox 151 3421 156 3428; x_wconf 82' lang='lat'><em>.</em></span> <span class='ocrx_word' id='word_1_217' title='bbox 251 3374 331 3436; x_wconf 93' lang='lat' dir='ltr'><strong>ches</strong></span> <span class='ocrx_word' id='word_1_218' title='bbox 362 3371 547 3435; x_wconf 89' lang='lat' dir='ltr'><strong>absentiam</strong></span> <span class='ocrx_word' id='word_1_219' title='bbox 578 3373 725 3435; x_wconf 90' lang='lat' dir='ltr'><strong>tolerans</strong></span> <span class='ocrx_word' id='word_1_220' title='bbox 751 3394 811 3455; x_wconf 90' lang='lat' dir='ltr'><strong>per</strong></span> <span class='ocrx_word' id='word_1_221' title='bbox 838 3374 1031 3438; x_wconf 89' lang='lat' dir='ltr'><strong>altissimam</strong></span> <span class='ocrx_word' id='word_1_222' title='bbox 1063 3375 1206 3438; x_wconf 93' lang='lat' dir='ltr'><strong>cubiculi</strong></span> <span class='ocrx_word' id='word_1_223' title='bbox 1235 3395 1302 3456; x_wconf 94' lang='lat' dir='ltr'><strong>quo</strong></span> 
     </span>
     <span class='ocr_line' id='line_1_31' title="bbox 198 3475 1303 3560; baseline 0 -20"><span class='ocrx_word' id='word_1_224' title='bbox 198 3507 228 3552; x_wconf 82' lang='lat'><strong>30</strong></span> <span class='ocrx_word' id='word_1_225' title='bbox 251 3475 468 3540; x_wconf 89' lang='lat' dir='ltr'><strong>cohibebatur</strong></span> <span class='ocrx_word' id='word_1_226' title='bbox 498 3475 631 3557; x_wconf 91' lang='lat' dir='ltr'><strong>elapsus</strong></span> <span class='ocrx_word' id='word_1_227' title='bbox 662 3477 845 3540; x_wconf 90' lang='lat' dir='ltr'><strong>fenestram</strong></span> <span class='ocrx_word' id='word_1_228' title='bbox 876 3479 1076 3560; x_wconf 81' lang='lat' dir='ltr'><strong>refectisque</strong></span> <span class='ocrx_word' id='word_1_229' title='bbox 1107 3479 1217 3560; x_wconf 93' lang='lat' dir='ltr'><strong>pinnis</strong></span> <span class='ocrx_word' id='word_1_230' title='bbox 1248 3478 1303 3541; x_wconf 91' lang='lat' dir='ltr'><strong>ali-</strong></span> 
     </span>
     <span class='ocr_line' id='line_1_32' title="bbox 252 3579 1303 3667; baseline 0.004 -25"><span class='ocrx_word' id='word_1_231' title='bbox 252 3589 377 3662; x_wconf 91' lang='lat' dir='ltr'><strong>quanta</strong></span> <span class='ocrx_word' id='word_1_232' title='bbox 400 3579 510 3662; x_wconf 89' lang='lat' dir='ltr'><strong>quiete</strong></span> <span class='ocrx_word' id='word_1_233' title='bbox 533 3579 633 3659; x_wconf 89' lang='lat' dir='ltr'><strong>longe</strong></span> <span class='ocrx_word' id='word_1_234' title='bbox 656 3579 803 3642; x_wconf 91' lang='lat' dir='ltr'><strong>uelocius</strong></span> <span class='ocrx_word' id='word_1_235' title='bbox 827 3583 1006 3662; x_wconf 89' lang='lat' dir='ltr'><strong>prouolans</strong></span> <span class='ocrx_word' id='word_1_236' title='bbox 1024 3583 1176 3667; x_wconf 91' lang='lat' dir='ltr'><strong>Psychen</strong></span> <span class='ocrx_word' id='word_1_237' title='bbox 1193 3603 1303 3646; x_wconf 93' lang='lat' dir='ltr'><strong>accur-</strong></span> 
     </span>
     <span class='ocr_line' id='line_1_33' title="bbox 251 3683 1303 3769; baseline 0.004 -23"><span class='ocrx_word' id='word_1_238' title='bbox 251 3683 293 3746; x_wconf 93' lang='lat' dir='ltr'><strong>rit</strong></span> <span class='ocrx_word' id='word_1_239' title='bbox 309 3703 412 3758; x_wconf 89' lang='lat' dir='ltr'><strong>suam,</strong></span> <span class='ocrx_word' id='word_1_240' title='bbox 431 3683 628 3764; x_wconf 87' lang='lat' dir='ltr'><strong>detersoque</strong></span> <span class='ocrx_word' id='word_1_241' title='bbox 652 3701 778 3746; x_wconf 91' lang='lat' dir='ltr'><strong>somno·</strong></span> <span class='ocrx_word' id='word_1_242' title='bbox 793 3684 921 3749; x_wconf 86' lang='lat' dir='ltr'><strong>curiose</strong></span> <span class='ocrx_word' id='word_1_243' title='bbox 944 3696 977 3749; x_wconf 88' lang='lat' dir='ltr'><strong>et</strong></span> <span class='ocrx_word' id='word_1_244' title='bbox 1000 3707 1130 3749; x_wconf 92' lang='lat' dir='ltr'><strong>rursum</strong></span> <span class='ocrx_word' id='word_1_245' title='bbox 1146 3686 1180 3750; x_wconf 91' lang='lat' dir='ltr'><strong>in</strong></span> <span class='ocrx_word' id='word_1_246' title='bbox 1196 3685 1303 3769; x_wconf 90' lang='lat' dir='ltr'><strong>pristi-</strong></span> 
     </span>
    </p>
   </div>
   <div class='ocr_carea' id='block_1_3' title="bbox 0 0 1472 4236">
    <p class='ocr_par' dir='ltr' id='par_1_3' title="bbox 0 0 1472 4236">
     <span class='ocr_line' id='line_1_34' title="bbox 0 0 1472 4236; baseline 0 0"><span class='ocrx_word' id='word_1_247' title='bbox 0 0 1472 4236; x_wconf 95' lang='lat' dir='ltr'><strong> </strong></span> 
     </span>
    </p>
   </div>
  </div>
 </body>
</html>
