2934 4236
213 298 274 346 120
473 290 683 341 FRAGMENTS
707 291 752 342 OF
775 291 902 342 ROMAN
925 292 1052 342 SATIRE

262 450 417 533 aliudque
441 451 530 513 uitae
554 449 757 532 praesidium
781 450 937 533 quaerite.
985 450 1036 513 sin
1053 461 1165 514 autem
1185 451 1318 516 urbani-

262 554 327 618 oris
351 563 450 618 notae
474 553 625 617 homines
649 553 819 618 sustinetis
843 574 975 636 semper
999 554 1139 631 mentiri,
1157 565 1249 619 recta
1272 557 1317 620 ad

262 659 390 722 lucrum
406 657 544 721 curritis.
591 657 625 720 in
645 657 707 722 hac
724 657 812 721 enim
830 658 910 720 urbe
927 679 994 721 non
1018 658 1188 721 literarum
1205 660 1318 723 studia

262 763 481 838 celebrantur,
499 783 565 825 non
582 761 771 845 eloquentia
787 762 896 825 locum
918 761 1028 836 habet,
1046 783 1114 825 non
1138 764 1317 844 frugalitas

224 895 237 943 5
262 866 434 949 sanctique
462 886 570 929 mores
598 866 750 928 laudibus
776 866 819 929 ad
847 867 993 930 fructum
1020 867 1229 948 perueniunt,
1255 869 1317 932 sed

262 990 479 1053 quoscunque
510 970 662 1033 homines
689 969 722 1032 in
750 971 812 1034 hac
840 970 921 1034 urbe
948 970 1106 1046 uideritis,
1136 971 1252 1034 scitote
1280 972 1315 1035 in

262 1075 345 1137 duas
370 1083 482 1156 partes
506 1094 579 1136 esse
603 1073 735 1136 diuisos.
783 1095 861 1136 nam
880 1083 938 1137 aut
958 1083 1136 1156 captantur
1159 1085 1217 1137 aut
1239 1095 1317 1157 cap-

262 1187 342 1241 tant.
385 1177 419 1240 in
436 1179 497 1241 hac
514 1178 595 1241 urbe
611 1197 709 1240 nemo
726 1178 846 1241 liberos
862 1177 956 1254 tollit,
974 1177 1052 1260 quia
1069 1177 1218 1260 quisquis
1235 1199 1316 1242 suos

263 1281 403 1344 heredes
420 1281 529 1358 habet,
546 1302 613 1344 non
630 1281 672 1343 ad
691 1302 802 1357 cenas
820 1303 886 1344 non
903 1282 946 1344 ad
966 1282 1157 1364 spectacula
1172 1282 1316 1345 admitti-

212 1417 239 1450 ιο
262 1395 324 1461 tur,
343 1387 401 1448 sed
419 1385 572 1448 omnibus
593 1385 787 1467 prohibetur
803 1386 994 1461 commodis,
1011 1386 1098 1449 inter
1120 1386 1316 1467 ignominio-

263 1510 317 1552 sos
340 1489 455 1552 latitat.
503 1489 559 1572 qui
582 1509 661 1552 uero
685 1509 746 1552 nec
768 1509 886 1552 uxores
908 1509 1053 1572 unquam
1069 1490 1235 1552 duxerunt
1251 1510 1315 1554 nec

263 1593 429 1675 proximas
460 1592 722 1656 necessitudines
753 1593 888 1668 habent,
916 1594 958 1656 ad
989 1613 1137 1656 summos
1169 1594 1315 1658 honores

263 1697 471 1779 perueniunt,
500 1697 532 1759 id
563 1707 614 1760 est
641 1697 701 1760 soli
730 1697 899 1772 militares,
924 1697 985 1760 soli
1012 1697 1183 1760 fortissimi
1213 1707 1315 1781 atque

263 1801 363 1864 etiam
387 1801 581 1864 innocentes
612 1801 784 1864 habentur.
813 1801 979 1864 -adibitis'
1004 1801 1110 1883 inquit
1135 1801 1314 1884 ‘oppidum

212 1934 239 1980 15
263 1915 420 1986 tanquam
441 1905 474 1966 in
492 1905 682 1986 pestilentia
697 1925 841 1986 campos¹
860 1905 893 1966 in
910 1905 1029 1987 quibus
1045 1904 1127 1968 nihil
1149 1905 1239 1968 aliud
1262 1916 1315 1970 est

263 2007 326 2070 nisi
342 2009 513 2084 cadauera,
531 2029 617 2091 quae
633 2010 828 2083 lacerantur,
847 2018 903 2071 aut
919 2009 1018 2084 corui,
1035 2008 1092 2090 qui
1107 2009 1271 2072 lacerant’

717 2131 734 2166 ἕ
783 2131 799 2167 1
848 2131 865 2166 ἕ

308 2217 406 2299 ‘quid
444 2219 544 2299 ergo'
580 2217 686 2299 inquit
726 2216 911 2298 Eumolpus
946 2222 1137 2281 ‘cessamus
1174 2218 1314 2282 mimum

262 2321 485 2402 componere?
532 2321 632 2384 facite
663 2341 743 2401 ergo
775 2341 827 2383 me
858 2320 1038 2396 dominum,
1071 2321 1100 2384 si
1129 2322 1314 2403 negotiatio

230 2449 236 2462 ·
262 2425 391 2506 placet!
438 2445 536 2487 nemo
556 2445 656 2487 ausus
676 2434 727 2488 est
750 2435 855 2488 artem
874 2425 1033 2488 damnare
1056 2424 1138 2488 nihil
1161 2426 1314 2489 auferen-

210 2559 239 2590 ω
261 2539 338 2592 tem.
386 2528 497 2610 itaque
517 2539 552 2592 ut
572 2529 705 2591 duraret
729 2529 816 2591 inter
832 2549 948 2592 omnes
963 2539 1072 2592 tutum
1089 2529 1311 2606 mendacium,

262 2632 295 2694 in
311 2633 414 2695 uerba
433 2633 589 2714 Eumolpi
612 2642 855 2695 sacramentum
880 2633 1077 2696 iurauimus:
1102 2633 1160 2708 uri,
1183 2633 1311 2711 uinciri,

261 2736 430 2799 uerberari
453 2737 608 2818 ferroque
633 2736 751 2811 necari,
775 2746 807 2799 et
831 2736 986 2818 quicquid
1011 2737 1099 2800 aliud
1125 2738 1313 2820 Eumolpus

261 2839 418 2902 iussisset.
465 2849 624 2921 tanquam
641 2839 779 2920 legitimi
802 2839 1004 2921 gladiatores
1020 2840 1155 2904 domino
1171 2861 1313 2923 corpora

261 2944 454 3026 animasque
474 2943 719 3024 religiosissime
736 2943 928 3007 addicimus.
976 2953 1051 3026 post
1075 2954 1246 3025 peractum
1263 2965 1313 3008 sa·

209 3077 236 3123 25
260 3057 466 3110 cramentum
491 3047 653 3109 seruiliter
680 3047 747 3110 ficti
770 3047 940 3110 dominum
965 3049 1223 3122 consalutamus,
1248 3049 1312 3112 ela·

260 3160 397 3233 tumque
413 3151 455 3212 ab
470 3150 635 3232 Eumolpo
652 3151 755 3213 filium
772 3151 895 3232 pariter
911 3151 1143 3226 condiscimus,
1155 3152 1310 3216 iuuenem

260 3254 405 3336 ingentis
437 3255 646 3336 eloquentiae
677 3264 710 3317 et
742 3254 822 3336 spei,
851 3255 992 3337 ideoque
1020 3256 1060 3318 de
1088 3255 1222 3318 ciuitate
1250 3275 1311 3318 sua

260 3359 479 3421 miserrimum
507 3379 621 3421 senem
648 3358 764 3433 exisse,
792 3379 835 3421 ne
862 3369 920 3421 aut
947 3359 1084 3422 clientes
1112 3359 1310 3442 sodalesque

260 3463 317 3524 filii
340 3462 391 3525 sui
412 3472 469 3525 aut
491 3462 679 3543 sepulcrum
696 3462 842 3543 quotidie
860 3483 994 3525 causam
1018 3462 1228 3525 lacrimarum
1245 3483 1311 3526 cer-

206 3597 236 3641 30
259 3576 362 3628 neret.
410 3565 590 3628 accessisse
614 3565 690 3627 huic
711 3565 863 3628 tristitiae
884 3566 1068 3646 proximum
1085 3565 1309 3647 naufragium,

260 3689 325 3749 quo
349 3667 492 3748 amplius
515 3667 617 3728 uicies
643 3667 831 3729 sestertium
855 3668 1015 3743 amiserit;
1047 3689 1109 3731 nec
1132 3669 1225 3731 illum
1249 3669 1311 3732 iac-
