2934 4236
617 303 787 354 nrvnmvs
1195 307 1251 374 145
1305 355 1310 364 ,

200 442 354 541 prorsum
385 460 495 534 homo,
528 459 629 524 immo
659 461 835 536 semideus,
869 461 921 524 uel
952 471 1041 525 certe
1073 462 1164 538 deus,
1197 463 1252 546 qui

200 583 344 644 magnae
375 563 455 626 artis
489 563 671 646 suptilitate
705 575 834 628 tantum
873 565 1027 628 efferauit
1066 577 1251 647 argentum.

199 667 288 729 enim
308 688 389 730 uero
408 667 601 749 pauimenta
619 667 693 750 ipsa
712 667 823 750 lapide
843 668 988 750 pretioso
1009 669 1131 732 caesim
1154 670 1253 734 demi·

199 781 281 833 nuto
308 771 342 833 in
369 771 463 834 uaria
490 771 638 854 picturae
669 791 793 854 genera
823 771 1101 836 discriminantur.
1156 775 1254 837 uehe-

160 901 175 948 5
198 885 329 938 menter
345 875 465 938 iterum
482 895 520 939 ac
538 875 671 958 saepius
687 875 803 940 beatos
820 873 894 940 illos
910 876 967 959 qui
983 897 1084 958 super
1103 897 1253 958 gemmas

198 979 392 1067 ethmonilia
416 979 564 1042 calcant!
616 979 682 1041 iam
705 989 836 1044 ceterae
861 989 973 1062 partes
998 981 1098 1062 longe
1121 981 1252 1064 lateque

198 1082 382 1164 dispositae
403 1083 523 1146 domus
544 1082 615 1147 sine
635 1083 742 1165 pretio
766 1083 941 1165 pretiosae,
958 1085 1085 1167 totique
1110 1085 1253 1166 parietes

198 1186 331 1249 solidati
357 1186 477 1250 massis
503 1186 621 1262 aureis,
646 1186 824 1268 splendore
849 1187 983 1270 proprio
1006 1199 1192 1264 coruscant,
1217 1199 1252 1252 ut

198 1290 287 1353 diem
316 1311 412 1354 suum
440 1290 502 1353 sibi
529 1290 648 1354 domus
675 1289 786 1366 faciat,
812 1291 889 1354 licet
920 1292 989 1355 sole
1019 1293 1173 1355 nolente:
1206 1293 1252 1356 sic

148 1423 174 1455 ιο
198 1394 362 1469 cubicula,
379 1394 426 1458 sic
446 1394 601 1477 porticus,
619 1394 666 1458 sic
686 1393 779 1477 ipsae
800 1394 940 1462 balneae
963 1396 1142 1477 fulgurant.
1191 1419 1252 1462 nec

199 1497 303 1561 set-ius
319 1519 401 1580 opes
416 1508 547 1561 ceterae
564 1497 729 1561 maiestati
745 1498 864 1562 domus
881 1499 1093 1580 respondent,
1112 1511 1148 1563 ut
1165 1501 1252 1583 equi-

198 1602 276 1664 dem
300 1602 381 1664 illud
404 1613 494 1665 recte
517 1602 671 1665 uideatur
691 1601 734 1664 ad
758 1603 1046 1666 conuersationem
1071 1603 1250 1666 humanam

199 1726 324 1787 magno
342 1706 415 1769 Ioui
429 1705 629 1768 fabricatum
644 1706 789 1769 caeleste
806 1705 973 1787 palatium.

243 1825 276 1873 2.
302 1809 442 1872 inuitata
466 1809 595 1894 Psyche
618 1809 734 1872 talium
758 1809 905 1872 locorum
931 1810 1152 1874 oblectatione
1181 1833 1251 1893 pro·
1290 1809 1296 1822 ’
1365 1815 1370 1828 “

144 1942 173 1989 15
199 1913 276 1996 pius
299 1913 448 1989 accessit,
470 1923 504 1976 et
527 1913 628 1995 paulo
651 1913 805 1976 fidentior
828 1913 914 1976 intra
937 1913 1037 1977 limen
1062 1935 1135 1978 sese
1161 1916 1249 1978 lacit.

199 2039 276 2080 mox
304 2017 511 2099 prolectante
537 2017 647 2080 studio
674 2017 917 2099 pulcherrimae
948 2017 1085 2081 uisionis
1116 2019 1252 2082 miratur

199 2121 341 2203 singula,
366 2130 400 2184 et
426 2121 623 2184 altrinsecus
650 2121 781 2184 aedium
813 2121 931 2184 horrea
963 2121 1094 2184 sublimi
1126 2122 1252 2186 fabrica

200 2226 351 2307 perfecta
374 2224 571 2306 magnisque
594 2234 754 2306 congesta
777 2224 868 2305 gazis
891 2224 1062 2306 conspicit.
1114 2246 1175 2288 nec
1201 2236 1252 2289 est

199 2329 377 2412 quicquam
399 2328 488 2410 quod
511 2327 556 2390 ibi
578 2349 646 2391 non
669 2338 728 2391 est.
777 2328 836 2391 sed
859 2339 992 2410 praeter
1015 2339 1159 2392 ceteram
1183 2339 1252 2393 tan-

143 2465 177 2495 20
199 2443 308 2495 tarum
343 2431 533 2494 diuitiarum
571 2431 824 2496 admirationem
862 2433 925 2495 hoc
963 2443 1034 2495 erat
1073 2433 1251 2515 praecipue

200 2536 383 2612 mirificum,
415 2535 504 2618 quod
534 2535 625 2598 nullo
662 2536 805 2612 uinculo,
844 2537 935 2599 nullo
974 2537 1127 2611 claustro,
1159 2537 1251 2599 nullo

200 2639 347 2716 custode,
366 2639 468 2702 totius
490 2639 579 2702 orbis
601 2637 803 2703 thensaurus
825 2639 879 2703 ille
902 2640 1121 2702 muniebatur.
1141 2716 1144 2722 Ι
1169 2641 1251 2704 haec

200 2744 232 2807 ei
254 2763 384 2806 summa
406 2763 482 2806 cum
505 2743 677 2824 uoluptate
700 2743 823 2806 uisenti
845 2745 945 2806 offert
969 2764 1042 2806 sese
1066 2764 1131 2806 uox
1155 2765 1252 2826 quae-

201 2848 278 2909 dam
294 2846 441 2929 corporis
461 2846 512 2910 sui
527 2847 626 2922 nuda,
643 2856 686 2922 et,
706 2847 822 2928 ‘quid,'
840 2847 954 2929 inquit,
974 2847 1133 2923 ‘domina
1150 2849 1252 2910 tantis

146 2981 175 3027 ις
201 2951 409 3033 obstupescis
439 2951 583 3032 opibus?
620 2960 678 3013 tua
709 2960 788 3014 sunt
818 2952 900 3014 haec
930 2951 1050 3014 omnia.
1113 2952 1252 3033 prohinc

201 3055 353 3118 cubiculo
376 3065 410 3118 te
435 3055 532 3130 refer,
550 3064 584 3118 et
608 3055 731 3118 lectulo
754 3055 981 3118 lassitudinem
1010 3055 1136 3131 refouc,
1157 3065 1190 3118 et
1213 3077 1253 3118 cx

201 3159 336 3222 arbitrio
352 3159 522 3222 lauacrum
539 3169 624 3241 pete.
671 3180 742 3234 nos,
756 3180 895 3241 quarum
912 3179 1013 3222 uoces
1029 3159 1161 3240 accipis,
1176 3170 1252 3222 tuae

201 3263 357 3352 famulae,
382 3263 498 3326 sedulo
527 3263 587 3326 tibi
618 3263 978 3346 praeministrabimus;
1012 3283 1073 3325 nec
1105 3263 1253 3344 corporis

201 3377 337 3431 curatae
352 3367 413 3444 tibi
428 3367 557 3448 regales
573 3368 693 3449 epulae
709 3367 946 3430 morabuntur.’

148 3503 178 3547 30
246 3490 277 3548 3.
304 3471 408 3534 sensit
431 3472 560 3555 Psyche
585 3471 719 3534 diuinae
744 3471 974 3553 prouidentiae
1001 3471 1252 3546 beatitudinem,

202 3576 413 3657 monitusque
437 3595 537 3637 uoces
560 3575 721 3638 informes
745 3575 884 3638 audiens
908 3585 940 3637 et
964 3575 1055 3656 prius
1079 3595 1196 3637 somno
1220 3585 1254 3639 et

202 3699 278 3742 mox
308 3680 441 3742 lauacro
478 3679 708 3760 fatigationem
746 3679 796 3741 sui
829 3679 933 3754 diluit,
970 3678 1107 3759 uisoque
1141 3677 1253 3740 statim

282 3791 504 3829 Plenam-10
