2926 4232
197 247 237 296 ro
460 243 670 292 anonsms
692 243 741 292 or
760 233 887 293 nonan
910 243 1035 292 sanna

369 395 422 448 Tre
434 405 495 464 poet
508 413 639 464 expresses
651 396 691 447 tis
704 404 831 464 contempl
841 397 890 465 sor
902 397 1015 466 eorpinp
1027 397 1124 448 critias.
1223 393 1227 402 ’

197 547 248 607 19.
282 499 392 591 meum
409 525 476 588 ndn
493 537 543 590 est
559 547 597 590 ac
614 526 642 590 si
657 527 710 590 me
726 527 817 590 canis
834 527 1054 590 memdrderit.

808 637 880 690 Gell.
892 639 942 690 Vl.
957 654 983 705 9.
1002 652 1033 703 2;
1054 637 1160 690 Nonius
1177 652 1235 702 140.
1251 652 1296 707 25.

194 828 247 876 ao.
329 807 406 894 [sed
422 811 547 874 formas
564 831 696 894 quoque
712 811 868 892 fingimus
885 831 994 892 saepe,
1009 821 1046 873 ut
1064 813 1202 872 Famam
1216 813 1298 874 Ver-

281 915 388 995 giliuS,
406 924 442 976 ut
458 915 673 995 Voluptatem
695 935 732 976 ac
749 914 913 977 Virtutem
931 912 1044 996 (quern
1063 915 1105 976 ad
1121 916 1256 977 modum
1276 936 1297 976 a
1334 950 1338 958 ·

281 1019 507 1098 Xenophonte
528 1016 684 1101 traditur)
705 1017 870 1093 Prodicus
888 1028 924 1080 ut
947 1019 1091 1080 Mortem
1113 1038 1151 1080 ac
1171 1018 1294 1103 Vitam,

281 1142 363 1204 quas
380 1121 622 1214 contendentes
638 1121 672 1183 in
689 1130 801 1184 satura
816 1121 917 1184 tradit
934 1121 1072 1183 Ennius.

973 1231 1067 1299 Quint.
1081 1233 1134 1316 lX.
1150 1246 1175 1283 2.
1191 1231 1225 1299 36
1238 1233 1290 1301 Κ.]

433 1410 483 1479 ‘If
491 1428 543 1478 you
556 1419 624 1462 want
636 1427 653 1462 o
665 1411 738 1480 thirty
750 1411 825 1474 done,
839 1411 873 1463 do
886 1410 905 1462 it
917 1410 1052 1479 poursels?

193 1560 246 1605 21.
327 1539 516 1626 [⁴auicula’
544 1541 651 1623 inquit
681 1547 751 1604 ‘est
782 1562 894 1624 parua,
927 1561 1049 1604 nornen
1081 1551 1132 1603 est
1162 1542 1292 1604 cassita.

279 1646 407 1708 habitat
437 1646 670 1727 nidulaturque
698 1645 731 1707 in
759 1645 937 1726 segetibus,
968 1645 1000 1706 id
1032 1645 1138 1706 ferme
1168 1654 1295 1726 tempo-

278 1750 341 1836 ris,
361 1759 398 1812 ut
424 1759 563 1832 appetat
589 1749 706 1810 messis
734 1749 831 1829 pullis
863 1749 927 1810 iam
959 1749 1024 1810 iam
1056 1749 1291 1829 plumantibus

279 1873 318 1916 ea
342 1841 464 1916 cassita
486 1853 520 1914 in
546 1862 713 1915 sementes
738 1853 824 1914 forte
850 1862 1064 1932 congesserat
1092 1851 1294 1934 tempestiui-

230 1983 243 2035 5
279 1977 371 2032 ores;
404 1967 581 2039 propterea
605 1955 781 2018 frumentis
805 1955 1061 2018 flauescentibus
1088 1956 1170 2036 pulli
1193 1955 1293 2018 etiarn

242 2109 244 2114 ,
278 2071 358 2122 tunc
385 2061 572 2122 inuolueres
599 2069 701 2121 erant.
760 2060 839 2120 dum
866 2059 966 2140 igitur
993 2061 1065 2141 ipsa
1092 2061 1155 2123 iret
1183 2061 1293 2123 cibum

279 2163 378 2246 pullis
399 2163 593 2245 quaesitum,
615 2172 728 2225 monet
750 2183 815 2238 eos
833 2173 878 2237 ut,
900 2163 1027 2248 siquid
1049 2164 1094 2226 ibi
1116 2164 1164 2226 rei
1185 2185 1292 2227 nouae

278 2269 372 2330 fieret
391 2267 606 2342 dicereturue,
627 2266 930 2329 animaduerterent
951 2267 1050 2348 idque
1073 2267 1120 2330 uti
1143 2267 1214 2343 sibi,
1238 2268 1293 2330 ubi

277 2371 426 2443 redisset,
445 2356 644 2432 nuntiarent.
690 2370 843 2432 dominus
860 2379 977 2452 postea
994 2381 1144 2451 segetum
1162 2371 1291 2434 illarum

214 2501 243 2536 ιο
277 2474 379 2536 filium
404 2475 652 2536 adulescentem
677 2483 775 2536 uocat
802 2483 835 2536 et
861 2474 1034 2536 ‘uidesne’
1060 2475 1166 2556 inquit
1191 2477 1292 2538 ‘haec

278 2578 496 2640 ematuruisse
516 2587 549 2639 et
568 2597 686 2639 manus
705 2577 770 2639 iam
790 2578 981 2658 postulare?
1007 2578 1129 2641 idcirco
1151 2579 1203 2641 die
1226 2599 1292 2642 cra-

277 2682 363 2756 stini,
381 2682 437 2743 ubi
453 2681 596 2762 primum
613 2681 814 2756 diluculabit,
832 2681 886 2743 fac
906 2681 1029 2744 amicos
1051 2702 1108 2744 eas
1129 2692 1161 2744 et
1183 2703 1290 2762 roges

276 2785 412 2848 ueniant
425 2804 628 2866 operamque
641 2794 790 2846 mutuam
805 2784 885 2846 dent
898 2794 931 2846 et
943 2785 1077 2847 messim
1094 2787 1179 2847 hanc
1196 2787 1291 2848 nobis

277 2890 455 2951 adiuuent’
503 2891 585 2951 haec
601 2888 658 2950 ubi
677 2888 730 2950 ille
750 2888 839 2963 dixit,
858 2898 891 2973 et
910 2889 1070 2951 discessit.
1118 2899 1216 2971 atque
1236 2889 1292 2951 ubi

213 3019 242 3072 15
277 2993 362 3055 redit
378 2992 507 3068 cassita,
523 2992 604 3073 pulli
620 2992 830 3067 tremibundi,
844 2992 1001 3073 trepiduli
1018 2993 1291 3074 circumstrepere

277 3117 437 3178 orareque
454 3106 602 3171 matrem,
621 3105 657 3158 ut
675 3096 740 3158 iam
760 3096 869 3158 statim
892 3106 1049 3177 properet
1070 3096 1170 3178 inque
1191 3097 1291 3158 alium

277 3201 385 3263 locum
408 3221 481 3262 sese
504 3209 670 3282 asportet:
697 3205 792 3261 ‘nam
815 3199 986 3262 dominus'
1005 3200 1157 3282 inquiunt
1175 3200 1289 3275 ‘misit,

277 3305 334 3387 qui
350 3304 473 3367 amicos
492 3313 595 3384 roget,
614 3304 662 3366 uti
683 3305 756 3366 luce
778 3303 904 3366 oriente
926 3303 1062 3366 ueniant
1086 3313 1118 3366 et
1141 3304 1289 3366 metant'

276 3418 382 3470 mater
397 3408 487 3470 iubet
504 3428 560 3470 eos
577 3407 681 3470 otioso
699 3407 808 3469 animo
826 3427 917 3468 esse:
943 3407 989 3468 ‘si
1008 3406 1289 3470 enimdominus’

212 3507 245 3576 20¹
276 3512 383 3596 inquit
410 3511 563 3573 ‘messim
589 3511 631 3572 ad
656 3511 779 3572 amicos
805 3511 905 3585 reicit,
931 3495 1074 3572 crastino
1100 3531 1197 3591 seges
1224 3532 1290 3573 non

276 3626 418 3679 metetur
439 3635 548 3696 neque
569 3634 742 3676 necessum
765 3623 824 3689 est,
843 3613 940 3676 hodie
957 3615 1004 3675 uti
1021 3635 1080 3676 uos
1100 3615 1289 3676 auferam.'’
