2934 4236
685 256 818 306 sennen
1246 263 1302 326 125

250 431 350 476 nemo
377 412 466 476 enim
493 433 641 496 unquam
668 413 760 476 illum
788 423 903 476 natum
935 414 1073 498 putauit.
1129 415 1184 478 iac
1215 415 1304 498 quod

251 516 443 580 iaciendum
468 527 537 580 est:

340 654 454 717 “dede
471 654 553 730 neci,
571 655 686 717 melior
702 675 809 719 uacua
826 656 897 718 sine
913 665 1031 737 regnet
1047 656 1080 718 in
1097 655 1222 718 aula.”’

250 797 310 861 sed
334 798 454 862 Clotho
472 804 552 878 ‘ego
576 797 801 860 mehercules’
820 798 927 881 inquit
947 798 1120 880 ‘pusillum
1144 799 1303 881 temporis

211 928 225 974 ς
250 902 381 966 adicere
405 901 451 963 illi
475 900 638 976 uolebam,
656 901 735 964 dum
760 903 821 964 hos
846 902 1013 984 pauculos
1033 901 1090 983 qui
1113 913 1302 984 supersunt,

250 1005 385 1068 ciuitate
412 1003 852 1068 donaret'-constituerat
879 1005 966 1068 enim
998 1024 1113 1069 omnes
1145 1007 1302 1082 Graecos,

251 1110 374 1184 Gallos,
394 1109 576 1191 Hispanos
597 1108 775 1171 Britannos
794 1117 927 1190 togatos
947 1108 1202 1172 uidere—‘sed
1226 1131 1303 1193 quo-

249 1213 340 1275 niam
356 1213 467 1295 placet
484 1212 611 1295 aliquos
631 1211 826 1294 peregrinos
850 1212 883 1274 in
908 1232 1022 1275 semen
1047 1213 1188 1296 relinqui
1211 1223 1243 1276 et
1266 1224 1302 1277 tu

249 1317 296 1380 ita
311 1317 405 1380 iubes
424 1317 504 1392 fieri,
522 1317 599 1379 fiat’
645 1315 753 1398 aperit
771 1325 842 1379 tum
866 1316 1037 1398 capsulam
1062 1327 1095 1379 et
1118 1327 1185 1379 tres
1209 1317 1302 1380 fusos

198 1449 226 1482 10
250 1422 397 1504 profert:
422 1441 508 1483 unus
524 1430 595 1496 erat
608 1419 785 1502 Augurini,
800 1421 883 1482 alter
897 1419 1018 1495 Babae,
1033 1419 1149 1483 tertius
1163 1421 1299 1485 Claudii.

252 1526 349 1588 ‘hos’
364 1525 470 1608 inquit
484 1530 569 1587 ‘tres
582 1544 648 1587 uno
665 1545 754 1587 anno
770 1523 898 1606 exiguis
915 1523 1098 1599 interuallis
1114 1534 1301 1606 temporum

250 1628 373 1692 diuisos
400 1629 483 1691 mori
509 1627 639 1703 iubebo,
664 1648 726 1691 nec
754 1627 846 1690 illum
872 1627 1100 1690 incomitatum
1127 1627 1299 1691 dimittam.

249 1753 318 1795 non
334 1726 466 1815 oportet
481 1732 570 1794 enim
589 1752 674 1808 eum,
693 1731 749 1814 qui
768 1731 867 1795 modo
887 1751 923 1794 se
946 1740 995 1794 tot
1019 1731 1107 1793 milia
1131 1731 1300 1794 hominum

250 1837 423 1918 sequentia
446 1835 590 1911 uidebat,
610 1845 659 1898 tot
682 1835 926 1917 praecedentia,
947 1845 997 1898 tot
1020 1835 1230 1909 circumfusa,
1252 1856 1302 1898 su-

198 1968 224 2014 15
249 1940 318 2003 bito
339 1941 446 2003 solum
468 1939 612 2002 destitui.
659 1949 836 2003 contentus
860 1939 922 2004 erit
944 1938 995 2002 his
1018 1938 1150 2002 interim
1173 1938 1302 2003 conuic-

248 2043 396 2106 toribus!

248 2195 281 2254 4.
338 2177 420 2239 haec
437 2176 483 2239 ait
499 2185 532 2239 et
547 2175 637 2258 turpi
652 2176 858 2240 conuoluens
874 2176 1017 2240 stamina
1032 2177 1109 2241 fuso

336 2280 470 2362 abrupit
486 2279 625 2342 stolidae
641 2280 766 2360 regalia
781 2266 933 2362 tempora
948 2281 1045 2344 uitae.

337 2393 371 2447 at
388 2383 549 2446 Lachesis
565 2384 717 2446 redimita
732 2404 854 2460 comas,
872 2395 989 2447 ornata
1005 2384 1151 2467 capillos,

338 2488 444 2551 Pieria
460 2487 585 2551 crinem
601 2489 693 2550 lauro
710 2488 921 2570 frontemque
937 2509 1101 2552 coronans

336 2591 478 2655 candida
494 2592 535 2655 de
551 2591 649 2654 niueo
667 2592 854 2655 subtemina
869 2593 992 2656 uellere
1009 2593 1108 2656 sumit

336 2695 425 2758 felici
440 2695 644 2758 moderanda
660 2717 770 2772 manu,
788 2717 873 2779 quae
889 2697 989 2760 ducta
1005 2697 1147 2760 colorem

336 2819 548 2880 assumpsere
565 2820 697 2862 nouum.
745 2801 907 2864 mirantur
923 2821 1028 2882 pensa
1044 2819 1192 2864 sorores:

335 2913 482 2967 mutatur
497 2903 571 2966 uilis
587 2903 732 2985 pretioso
748 2905 825 2966 lana
841 2906 983 2980 metallo

195 3037 221 3082 25
335 3027 437 3070 aurea
452 3008 598 3070 iormoso
615 3008 824 3071 descendunt
841 3010 973 3072 saecula
990 3009 1053 3074 filo.

331 3131 397 3199 „nec
413 3112 531 3174 modus
547 3121 598 3174 est
614 3112 685 3187 illis,
703 3112 812 3176 felicia
828 3113 952 3176 uellera
969 3114 1096 3178 ducunt

335 3225 369 3280 et
384 3216 532 3297 gaudent
549 3216 687 3298 implere
704 3237 833 3292 manus,
851 3227 929 3280 sunt
945 3218 1053 3282 dulcia
1069 3238 1183 3301 pensa.

335 3329 456 3402 sponte
473 3341 532 3382 sua
549 3321 686 3382 festinat
702 3342 786 3402 opus
804 3321 961 3404 nulloque
978 3323 1089 3386 labore

334 3425 446 3487 mollia
463 3435 613 3488 contorto
630 3426 836 3488 descendunt
853 3427 995 3489 stamina
1011 3429 1095 3492 fuso.

334 3529 474 3592 uincunt
489 3529 634 3604 Tithoni,
652 3529 791 3592 uincunt
807 3540 839 3592 et
858 3531 1009 3594 Nestoris
1025 3553 1139 3595 annos.
1289 3615 1291 3620 ,

336 3633 489 3696 Phoebus
506 3633 599 3696 adest
616 3643 781 3716 cantuque
798 3633 890 3697 iuuat
906 3636 1095 3719 gaudetque
1112 3634 1232 3700 tuturis
