2934 4236
610 297 781 348 arvusrvs
1190 289 1246 366 163

193 459 330 536 sentias,
358 458 503 542 aliquem
528 458 570 522 de
597 455 680 520 meis
707 456 941 538 adoptaturam
969 457 1126 533 uemulis,
1152 458 1248 540 eique

193 566 394 628 donaturam
417 563 498 625 istas
522 561 643 644 pinnas
667 570 701 624 et
725 560 875 624 flammas
900 571 933 624 et
957 578 1070 624 arcum
1099 572 1132 624 et
1159 563 1249 644 ipsas

194 668 336 750 sagittas
351 677 386 730 et
401 686 534 730 omnem
550 685 659 728 meam
675 664 916 746 supellectilem
931 685 1031 747 quam
1048 666 1107 728 tibi
1124 688 1189 730 non
1207 669 1249 730 ad

195 774 259 836 hos
282 792 362 835 usus
388 770 554 833 dederam.
610 788 672 832 nec
694 767 783 832 enim
808 767 850 831 de
878 768 982 850 patris
1010 770 1058 833 tui
1085 771 1180 834 bonis
1208 773 1249 834 ad

157 907 170 954 5
194 876 449 940 instructionem
461 875 558 938 istam
576 874 752 956 quicquam
769 893 964 936 concessum
981 885 1041 937 est.
1111 895 1164 952 3ο.
1191 877 1250 939 sed

195 981 284 1044 male
300 980 408 1063 prima
423 978 564 1062 pueritia
579 977 735 1041 inductus
750 997 796 1053 ea,
814 987 847 1040 et
863 989 978 1042 acutas
998 1000 1117 1042 manus
1137 980 1249 1055 habes,

196 1094 232 1147 et
254 1083 397 1146 maiores
419 1093 494 1146 tuos
519 1081 739 1144 irreuerenter
762 1081 903 1164 pulsasti
929 1082 1059 1158 totiens,
1085 1093 1117 1144 et
1145 1083 1250 1164 ipsam

196 1197 339 1250 matrem
365 1197 467 1262 tuam,
496 1205 558 1262 me,
587 1185 732 1268 inquam,
763 1185 879 1267 ipsam,
910 1186 1073 1268 parricida
1102 1187 1252 1249 denudas

197 1292 328 1367 cotidie,
353 1300 387 1353 et
414 1289 606 1372 percussisti
633 1288 776 1370 saepius,
801 1299 835 1352 et
862 1290 958 1371 quasi
980 1291 1114 1353 uiduam
1139 1292 1252 1373 utique

145 1420 173 1452 10
197 1394 394 1470 contemnis,
416 1413 479 1457 nec
502 1393 655 1456 uitricum
678 1402 782 1468 tuum,
800 1393 1018 1456 fortissimum
1042 1395 1133 1457 illurn
1156 1396 1254 1457 maxi-

198 1519 357 1582 mumque
383 1497 587 1574 bellatorem,
616 1495 744 1560 metuis.
802 1497 934 1579 quidni!
970 1498 1023 1561 cui
1055 1500 1189 1581 saepius
1220 1501 1252 1561 in

198 1623 359 1685 angorem
393 1600 459 1665 mei
489 1601 673 1683 paelicatus
704 1601 832 1683 puellas
864 1602 1042 1682 propinare
1076 1604 1253 1666 consuesti.

199 1707 260 1770 sed
277 1706 343 1769 iam
363 1706 449 1782 faxo,
467 1714 500 1768 te
518 1705 610 1768 lusus
629 1704 727 1767 huius
746 1704 925 1786 paeniteat,
943 1715 976 1767 et
998 1706 1123 1770 sentias
1143 1708 1254 1770 acidas

199 1821 234 1875 et
254 1830 386 1874 amaras
408 1809 489 1872 istas
512 1808 655 1890 nuptias
703 1808 762 1871 sed
786 1828 875 1871 nunc
899 1808 1013 1871 inrisui
1038 1810 1151 1873 habita
1176 1813 1253 1892 quid

145 1945 174 1992 ις
199 1915 322 1997 agam?
360 1934 426 1996 quo
460 1932 513 1976 me
548 1912 746 1975 conferam?
784 1911 904 1994 quibus
940 1913 1045 1975 modis
1081 1915 1253 1977 stelionem

199 2019 300 2082 istum
327 2015 525 2081 cohibeam?
574 2025 731 2097 petamne
758 2015 915 2078 auxilium
943 2015 985 2078 ab
1017 2017 1149 2081 inimica
1181 2039 1254 2080 mea

201 2122 397 2197 Sobrietate,
415 2140 515 2204 quarn
537 2129 674 2202 propter
695 2119 792 2181 huius
814 2118 918 2200 ipsius
942 2120 1102 2184 luxuriam
1128 2123 1256 2184 offendi

201 2226 356 2308 saepius?
380 2234 415 2288 at
436 2223 579 2287 rusticae
603 2222 852 2305 squalentisque
873 2223 1019 2286 feminae
1042 2226 1254 2307 conloquium

201 2329 427 2393 adhibendum
450 2327 520 2391 est!
549 2328 712 2390 horresco
760 2346 822 2389 nec
845 2335 959 2389 tamen
983 2328 1150 2392 uindictae
1174 2331 1255 2391 sola-

146 2467 178 2497 20
201 2433 288 2496 cium
320 2431 500 2496 undeunde
532 2431 757 2514 spernendum
793 2440 852 2493 est.
914 2430 970 2493 illa
1004 2433 1084 2495 mihi
1119 2453 1254 2514 prorsus

201 2537 390 2600 adhihenda
416 2545 476 2612 est,
505 2556 567 2599 nec
594 2534 662 2597 ulla
688 2534 761 2611 alia,
790 2555 876 2618 quae
904 2535 1046 2617 castiget
1073 2537 1253 2618 asperrime

201 2661 371 2722 nugonem
387 2640 497 2715 istum,
511 2640 704 2722 pharetram
720 2639 871 2721 explicet,
890 2649 924 2702 et
940 2641 1078 2720 sagittas
1095 2641 1251 2714 dearmet,

202 2765 314 2808 arcum
330 2744 461 2819 enodet,
474 2744 607 2806 taedam
624 2743 824 2819 deflammet,
839 2742 940 2806 immo
957 2753 990 2806 et
1006 2743 1115 2825 ipsum
1132 2764 1253 2824 corpus

202 2848 273 2910 eius
293 2846 474 2910 acrioribus
493 2846 648 2909 remediis
667 2847 852 2909 coherceat.
899 2856 979 2909 tunc
1001 2846 1137 2910 iniuriae
1159 2867 1253 2910 meae

150 2984 178 3030 25
202 2952 330 3015 litatum
347 2949 553 3025 crediderim,
571 2970 646 3012 cum
667 2949 737 3012 eius
759 2971 880 3026 comas,
898 2971 981 3032 quas
1005 2950 1076 3012 istis
1100 2951 1253 3014 manibus

202 3055 285 3118 meis
306 3053 447 3118 subinde
469 3074 569 3116 aureo
592 3053 699 3116 nitore
722 3053 908 3134 perstrinxi,
932 3054 1100 3130 deraserit,
1122 3055 1251 3136 pinnaS,

202 3180 285 3242 quas
301 3179 376 3222 meo
392 3157 518 3240 gremio
535 3156 682 3220 nectarei
697 3157 800 3220 fontis
816 3157 925 3232 infeci,
944 3159 1226 3238 praetotonderit’

247 3282 300 3340 31.
326 3263 372 3326 sic
400 3263 513 3338 effata,
539 3263 631 3324 toras
658 3281 732 3324 sese
759 3261 899 3343 proripit
925 3261 1048 3325 infesta
1075 3273 1108 3326 et
1136 3274 1254 3327 stoma-

202 3368 302 3431 chata
318 3367 403 3430 biles
418 3368 599 3431 Venereas.
647 3366 799 3429 sedeam
821 3365 971 3447 protinus
993 3367 1094 3430 Ceres
1114 3378 1147 3430 et
1169 3369 1254 3430 Iuno

150 3504 179 3548 30
202 3471 446 3546 continuantur,
464 3470 637 3552 uisamque
653 3470 748 3532 uultu
764 3469 891 3532 tumido
908 3470 1079 3552 quaesiere
1096 3492 1155 3533 cur
1170 3471 1254 3534 truci

203 3574 378 3658 supercilio
404 3584 533 3638 tantam
556 3583 766 3636 uenustatem
790 3573 982 3636 micantium
1007 3574 1176 3636 oculorum
1204 3595 1255 3638 co-

202 3687 338 3744 erceret.
395 3687 430 3740 at
455 3677 519 3754 illa,
547 3673 774 3758 ‘opportune’
799 3676 915 3759 inquit,
943 3676 1092 3740 ‘ardenti
1119 3697 1254 3759 prorsus
