2934 4236
638 267 808 319 nrvusrvs
1214 277 1272 340 143

223 435 404 510 praecepta
435 425 533 490 sortis
564 424 688 490 enodat
721 423 898 490 infaustae.
959 435 1134 504 maeretur,
1166 425 1272 504 fletur,

223 532 425 594 lamentatur
440 530 558 594 diebus
574 529 742 612 plusculis.
789 529 848 593 sed
866 529 957 594 dirae
976 530 1074 594 sortis
1092 531 1158 594 iam
1177 541 1274 614 urget

223 645 330 699 taeter
356 635 508 699 effectus.
566 634 632 697 iam
662 631 816 696 feralium
847 633 1038 716 nuptiarum
1070 634 1273 698 miserrimae

223 739 346 820 uirgini
361 738 556 820 choragium
573 737 719 814 struitur,
736 737 802 800 iam
818 737 937 802 taedae
956 739 1068 802 lumen
1089 749 1181 802 atrae
1203 739 1275 802 fuli-

182 873 197 919 5
223 843 311 925 ginis
334 843 445 906 cinere
468 840 652 918 marcescit,
676 851 710 904 et
737 861 839 904 sonus
864 841 965 906 tibiae
988 841 1104 927 zygiae
1129 853 1275 907 mutatur

223 947 257 1009 in
278 946 456 1029 querulum
481 945 626 1030 Lydium
649 945 794 1022 modum,
812 955 996 1028 cantusque
1019 947 1126 1010 laetus
1151 947 1275 1032 Hyme-

223 1051 301 1114 naei
323 1050 456 1132 lugubri
477 1049 591 1112 finitur
612 1049 750 1126 ululatu,
768 1057 802 1112 et
824 1049 936 1131 puella
959 1059 1105 1132 nuptura
1123 1050 1275 1132 deterget

223 1153 380 1218 lacrimas
399 1153 472 1236 ipso
496 1173 557 1216 suo
579 1151 743 1216 flammeo.
791 1151 838 1216 sic
861 1153 1016 1216 adfectae
1039 1153 1158 1217 domus
1181 1154 1274 1217 triste

223 1259 332 1320 fatum
349 1267 469 1321 cuncta
484 1256 585 1320 etiam
601 1255 718 1320 ciuitas
730 1257 960 1338 congemebat‚
972 1257 1129 1339 luctuque
1141 1257 1275 1340 publico

144 1424 148 1432 ,
169 1391 200 1424 ιο
222 1361 402 1426 confestim
418 1381 607 1442 congruens
623 1359 762 1424 edicitur
777 1359 947 1424 iustitium.

268 1484 324 1543 34.
349 1465 408 1528 sed
429 1463 563 1528 monitis
584 1463 783 1528 caelestibus
804 1465 943 1547 parendi
966 1465 1147 1529 necessitas
1170 1465 1276 1530 misel-

223 1570 291 1634 lam
314 1569 466 1654 Psychen
489 1568 532 1631 ad
555 1567 756 1632 destinatam
779 1588 922 1650 poenam
946 1569 1158 1650 efflagitabat.
1206 1591 1277 1652 per-

223 1672 323 1737 fectis
346 1673 446 1754 igitur
466 1672 581 1736 feralis
603 1672 743 1735 thalami
762 1692 838 1738 cum
860 1692 990 1736 summo
1011 1693 1160 1736 maerore
1183 1674 1276 1736 solle-

224 1777 367 1852 mnibus,
378 1787 449 1840 toto
459 1786 682 1859 prosequente
695 1776 820 1858 populo
832 1776 946 1840 uiuum
959 1777 1153 1858 producitur
1162 1778 1274 1854 funus,

171 1911 199 1957 15
223 1890 258 1944 et
273 1880 449 1944 lacrimosa
467 1881 595 1966 Psyche
611 1881 788 1944 comitatur
802 1901 870 1944 non
887 1881 1021 1963 nuptias
1041 1882 1100 1944 sed
1119 1883 1275 1964 exequias

224 2006 312 2048 suas.
364 2005 403 2048 ac
430 1985 509 2047 dum
537 1985 655 2048 maesti
681 1995 838 2067 parentes
864 1995 898 2048 et
924 1995 1018 2049 tanto
1044 1987 1132 2049 malo
1160 1987 1276 2068 perciti

224 2089 392 2152 nefarium
408 2089 540 2153 lacinus
556 2091 715 2171 perficere
732 2099 939 2166 cunctantur,
957 2089 1030 2173 ipsa
1048 2089 1104 2152 illa
1123 2090 1189 2153 filia
1207 2092 1277 2154 tali-

223 2193 287 2257 bus
303 2213 361 2258 eos
377 2195 571 2257 adhortatur
587 2193 744 2257 uocibus:

270 2298 368 2380 ‘quid
384 2297 551 2386 infelicem
568 2307 738 2361 senectam
754 2297 833 2361 fletu
850 2295 977 2361 diutino
996 2297 1173 2362 cruciatis?
1196 2299 1275 2382 quid

172 2432 201 2464 ω
225 2402 378 2484 spiritum
403 2412 559 2477 uestrum,
584 2401 641 2484 qui
665 2401 773 2483 magis
797 2422 891 2464 meus
918 2411 978 2478 est,
1002 2402 1126 2466 crebris
1153 2403 1276 2466 eiulati-

224 2505 287 2568 bus
312 2505 483 2587 fatigatis?
514 2505 593 2588 quid
618 2504 761 2569 lacrimis
786 2505 1010 2569 inefficacibus
1035 2526 1093 2569 ora
1117 2506 1199 2569 mihi
1223 2528 1276 2570 ue-

225 2609 374 2672 neranda
397 2609 564 2673 foedatis?
593 2609 673 2692 quid
696 2609 848 2672 laceratis
871 2609 905 2671 in
929 2610 1048 2673 uestris
1073 2610 1176 2673 oculis
1201 2631 1276 2674 mea

225 2712 372 2776 lumina?
406 2713 486 2796 quid
517 2712 671 2777 canitiem
703 2712 874 2776 scinditis?
909 2713 988 2795 quid
1020 2723 1164 2795 pectora,
1197 2715 1276 2796 quid

224 2818 328 2880 ubera
349 2827 464 2894 sancta
485 2799 646 2880 tunditis?
692 2817 774 2880 haec
796 2826 893 2880 erunt
914 2816 1009 2880 uobis
1032 2817 1188 2899 egregiae
1212 2819 1275 2881 lor-

173 2949 201 2996 25
225 2921 412 2985 monsitatis
437 2941 531 2984 meae
556 2921 728 3003 praeclara
753 2920 909 3002 praemia.
956 2920 1101 2984 inuidiae
1127 2923 1275 2985 nefariae

224 3025 315 3089 letali
338 3027 439 3108 plaga
462 3025 611 3108 percussi
634 3045 708 3088 sero
731 3024 868 3088 sentitis.
919 3045 994 3088 cum
1020 3036 1138 3107 gentes
1163 3036 1197 3089 et
1221 3049 1276 3109 po-

225 3129 295 3212 puli
314 3130 521 3194 celebrarent
542 3151 603 3193 nos
624 3131 745 3193 diuinis
766 3130 957 3207 honoribus,
978 3151 1054 3194 cum
1077 3152 1198 3195 nouam
1222 3152 1275 3193 me

224 3235 393 3297 Venerem
418 3254 475 3297 ore
500 3254 647 3298 consono
672 3245 915 3316 nuncuparent,
941 3244 1021 3299 tunc
1049 3236 1169 3311 dolere,
1195 3244 1275 3298 tunc

225 3336 313 3413 flere,
338 3348 418 3402 tunc
445 3357 499 3401 me
525 3337 591 3400 iam
615 3337 710 3420 quasi
733 3349 941 3421 peremptam
964 3339 1079 3421 lugere
1105 3338 1273 3402 debuistis.

113 3425 117 3430 V
171 3471 201 3516 30
224 3441 290 3504 iam
312 3442 428 3516 sentin,
447 3441 512 3504 iam
534 3442 632 3505 uideo
654 3441 723 3504 solo
744 3463 797 3505 me
821 3443 955 3506 nomine
974 3444 1116 3507 Veneris
1140 3442 1274 3525 perisse.

225 3545 336 3609 ducite
367 3566 429 3621 me,
462 3556 496 3608 et
526 3545 580 3608 cui
610 3567 681 3608 sors
712 3545 837 3610 addixit
867 3548 1003 3628 scopulo
1038 3547 1151 3610 sistite
1213 3546 1277 3609 fes-

225 3649 295 3712 tino
314 3649 430 3712 felices
446 3649 525 3712 istas
541 3649 676 3731 nuptias
692 3650 803 3728 obire;
828 3651 952 3714 festino
969 3671 1167 3731 generosum
1184 3650 1276 3712 illurn
