2926 4232
177 299 217 376 78
439 265 650 354 rnnousurs
673 305 718 354 or
742 305 867 354 uounu
891 305 1017 354 sarira

228 482 314 545 quae
337 462 371 525 in
392 482 454 524 usu
479 461 651 536 habemus,
668 470 725 524 aut
741 461 880 524 audiunt
896 471 953 525 aut
969 461 1093 538 uident,
1112 463 1172 525 sed
1196 463 1280 545 pira·

228 575 280 629 tas
303 586 378 628 cum
406 565 532 629 catenis
558 565 592 626 in
619 564 714 628 litore
738 573 875 640 stantes,
900 565 959 628 sed
985 575 1147 650 tyrannos
1170 567 1280 630 edicta

229 669 420 744 scribentes
439 669 558 752 quibus
582 668 747 750 imperent
769 668 849 731 liliis
866 678 902 732 ut
925 677 1057 751 patrum
1077 689 1212 732 suorum
1229 691 1281 733 ca-

229 774 299 857 pita
323 772 526 855 praecidant,
551 772 610 835 sed
637 792 798 854 responsa
825 771 858 834 in
884 771 1108 854 pestilentiam
1132 774 1219 850 data,
1244 784 1281 837 ut

191 907 205 956 5
229 877 376 959 uirgines
398 887 467 940 tres·
493 886 550 940 aut
577 877 688 958 plures
711 876 931 952 immolentur,
957 877 1016 939 sed
1044 877 1186 940 mellitos
1210 897 1281 940 uer-

229 981 345 1044 borum
365 981 518 1063 globulos
534 989 568 1043 et
583 979 695 1043 omnia
710 980 799 1043 dicta
820 980 977 1062 factaque
993 981 1089 1062 quasi
1110 1002 1280 1063 papauere

229 1095 263 1148 et
286 1105 416 1148 sesamo
439 1105 564 1166 sparsa.
635 1102 665 1147 2.
691 1083 749 1166 qui
772 1084 858 1146 inter
881 1085 964 1146 haec
987 1084 1186 1161 nutriuntur,
1211 1107 1280 1148 non

224 1189 337 1269 magis
360 1187 478 1270 sapere
502 1196 651 1270 possunt,
676 1207 776 1269 quam
801 1187 887 1250 bene
910 1188 1008 1263 olere,
1032 1187 1145 1270 quiin
1169 1189 1281 1252 culina

230 1292 390 1354 habitant.
438 1312 520 1374 pace
542 1302 654 1355 uestra
674 1292 772 1354 liceat
787 1291 917 1368 dixisse,
936 1291 1033 1375 primi
1051 1293 1198 1356 omnium
1217 1293 1282 1356 elo-

179 1424 207 1457 ιο
230 1395 400 1478 quentiam
417 1396 615 1477 perdidistis.
656 1396 785 1458 leuibus
801 1395 889 1459 enim
903 1405 1003 1478 atque
1018 1396 1173 1459 inanibus
1189 1397 1281 1460 sonis

230 1499 370 1562 ludibria
383 1501 548 1582 quaedam
564 1500 738 1563 excitando
754 1499 923 1576 effecistis,
937 1509 974 1562 ut
985 1521 1107 1582 corpus
1122 1500 1281 1564 orationis

230 1613 444 1666 eneruaretur
460 1613 493 1666 et
512 1604 654 1667 caderet.
702 1603 851 1667 nondum
874 1603 1012 1667 iuuenes
1035 1604 1282 1667 declamationi-

230 1707 292 1770 bus
309 1707 573 1783 continebantur,
586 1729 660 1771 cum
679 1708 863 1790 Sophocles
879 1717 936 1771 aut
954 1707 1132 1790 Euripides
1148 1708 1281 1771 inuene-

230 1821 307 1873 runt
323 1811 426 1874 uerba
442 1811 562 1893 quibus
578 1811 739 1874 deberent
760 1812 859 1894 loqui.
906 1812 1055 1875 nondum
1077 1812 1281 1875 umbraticus

180 1944 206 1990 15
230 1915 346 1978 doctor
362 1915 495 1996 ingenia
511 1915 690 1990 deleuerat,
707 1936 782 1978 cum
801 1915 963 1978 Pindarus
980 1936 1169 1999 nouemque
1188 1917 1282 2000 lyrici
1302 1935 1304 1938 ·

232 2018 420 2082 Homericis
450 2019 602 2082 uersibus
632 2039 752 2082 canere
785 2019 976 2082 timuerunt.
1026 2029 1060 2083 et
1090 2041 1133 2084 ne
1164 2031 1282 2103 poetas

234 2118 404 2206 [quidem]
432 2123 474 2184 ad
504 2122 729 2186 testimonium
756 2123 864 2199 citem,
888 2133 978 2187 certe
1004 2144 1114 2206 neque
1142 2125 1282 2188 Platona

230 2217 339 2307 neque
357 2227 612 2289 Demosthenen
631 2227 673 2289 ad
697 2227 760 2290 hoc
784 2246 891 2308 genus
910 2228 1154 2291 exercitationis
1173 2249 1282 2292 acces-

230 2329 313 2393 sisse
329 2330 434 2393 uideo.
482 2331 618 2412 grandis
639 2340 673 2394 et
695 2340 732 2394 ut
745 2331 799 2412 „ita
822 2331 930 2395 dicam
953 2332 1075 2414 pudica
1093 2333 1196 2396 oratio
1212 2353 1280 2396 non

178 2463 207 2494 ω
230 2443 281 2496 est
296 2435 465 2497 maculosa
480 2455 542 2498 nec
561 2434 702 2516 turgida,
720 2435 780 2498 sed
801 2434 944 2498 naturali
967 2435 1214 2517 pulchritudine
1230 2457 1281 2499 ex·

230 2538 344 2620 surgit.
384 2558 491 2620 nuper
503 2548 642 2602 uentosa
658 2539 760 2602 istaec
772 2549 806 2602 et
821 2539 966 2602 enormis
982 2539 1164 2621 loquacitas
1176 2541 1281 2603 Athe-

230 2662 291 2704 nas
307 2662 347 2705 ex
363 2641 447 2705 Asia
462 2642 695 2723 commigrauit
711 2643 905 2726 animosque
924 2643 1081 2706 iuuenum
1098 2644 1140 2706 ad
1157 2665 1281 2726 magna

230 2755 405 2828 surgentes
421 2746 524 2808 ueluti
546 2746 713 2827 pestilenti
729 2747 874 2829 quodam
891 2747 997 2810 sidere
1013 2747 1147 2822 afflauit,
1165 2749 1281 2810 semel-

124 2933 125 2936 *
230 2869 294 2930 que
318 2859 473 2931 corrupta
494 2850 610 2930 regula
634 2850 823 2932 eloquentia
847 2851 937 2913 stetit
960 2860 994 2914 et
1016 2851 1189 2914 obmutuit.
1238 2852 1280 2914 ad

178 2981 205 3026 25
230 2974 404 3028 summam,
429 2953 503 3035 quis
534 2963 651 3035 postea
681 2954 897 3038 Thucydidis
922 2955 996 3036 quis
1029 2954 1212 3039 Hyperidis
1238 2955 1280 3017 ad

230 3057 354 3118 famam
382 3057 566 3139 processit?
612 3078 650 3120 ac
675 3077 718 3120 ne
742 3078 877 3121 carmen
905 3057 1039 3140 quidem
1066 3058 1139 3120 sani
1162 3059 1280 3121 coloris

230 3159 356 3236 enituit,
381 3161 440 3224 sed
463 3161 574 3224 omnia
597 3161 692 3244 quasi
714 3162 833 3225 eodem
857 3161 930 3224 cibo
954 3171 1050 3243 pasta
1072 3182 1141 3224 non
1168 3171 1281 3243 potue-

229 3274 308 3327 runt
330 3285 435 3347 usque
460 3265 501 3327 ad
527 3275 733 3328 senectutem
759 3285 945 3328 canescere.
994 3264 1124 3346 pictura
1148 3286 1279 3347 quoque

230 3389 297 3431 non
313 3368 412 3431 alium
429 3369 552 3432 exitum
574 3369 663 3444 fecit,
681 3378 858 3451 postquam
875 3368 1120 3453 Aegyptiorum
1142 3368 1280 3432 audacia

178 3503 207 3549 30
230 3483 297 3536 tam
314 3493 457 3554 magnae
474 3473 553 3536 artis
569 3472 850 3554 compendiariam
870 3473 1017 3536 inuenit!

275 3595 306 3653 3.
332 3598 398 3640 non
420 3586 471 3640 est
492 3597 611 3659 passus
628 3578 864 3658 Agamemnon
881 3597 933 3639 me
949 3576 1072 3640 diutius
1093 3575 1280 3639 declamare

230 3681 264 3742 in
288 3681 426 3763 porticu,
452 3701 551 3763 quam
575 3681 646 3763 ipse
670 3681 704 3744 in
725 3681 839 3744 schola
862 3682 1049 3757 sudauerat,
1075 3681 1134 3744 sed
1159 3679 1281 3743 ‘adule-
