2926 4232
177 233 219 310 48
441 241 652 292 111011111118
676 241 721 291 01²
744 241 870 292 ROMAN
894 243 1021 292 ss111111

325 393 361 446 Io
372 396 450 458 skort,
463 396 504 447 the
516 395 561 448 old
574 395 690 448 Morcus
703 395 726 447 is
738 396 881 465 altopetiier
892 397 987 450 behind
999 397 1040 449 the
1052 397 1136 450 lienes.

180 531 233 578 22.
310 513 420 576 ebrius
436 533 482 588 es,
502 515 635 590 Maree;
660 514 830 598 Odyssian
852 515 941 578 enim
963 515 1103 579 Homeri
1125 515 1295 578 ruminari

267 617 394 699 incipis
412 637 487 680 cum
503 613 578 699 περὶ
593 614 721 699 τρόπων
737 619 937 701 scripturum
956 629 990 682 te
1010 619 1087 684 Seio
1107 620 1291 702 receperis

925 722 1000 774 Non.
1015 720 1076 788 383.
1092 720 1142 783 26;
1162 719 1226 785 480.
1242 735 1291 788 23.

184 832 238 884 Tie
252 832 296 884 old
311 831 425 883 Morcus
442 839 534 884 reiorts
548 832 602 884 mat
617 833 657 884 tie
669 833 730 900 only
743 833 817 902 minp
832 834 863 885 he
876 835 1027 886 remembers
1041 834 1094 886 lilce
1107 835 1197 895 τρόπος
1210 834 1234 884 is
1247 835 1293 886 the

268 921 349 980 τροπή
362 918 396 987 os
405 919 444 970 tie
457 935 547 986 enemy
560 919 615 971 aod
627 920 667 971 tie
680 926 792 989 tropaea
804 921 839 989 os
846 921 943 988 victory
948 938 958 984 ;
977 923 1033 973 and
1045 922 1113 973 these
1125 938 1192 972 seem
1206 929 1251 973 nol
1263 929 1292 974 to

268 1006 333 1057 exist
345 1007 494 1073 nowadoys

182 1139 235 1197 23.
312 1119 386 1182 ideo
399 1120 481 1200 iuga
494 1119 639 1182 hostium
652 1140 772 1201 graece
785 1131 924 1184 uocatur
935 1118 1059 1204 τροπή;
1085 1122 1162 1185 hinc
1180 1122 1292 1204 spolie

270 1233 369 1306 capta
385 1224 448 1285 fixa
464 1224 497 1285 in
515 1223 682 1305 stipitibus
699 1225 912 1306 appellantur
927 1235 1074 1307 tropaea.
1090 1312 1117 1362 N

1119 1327 1166 1364 on.
1183 1325 1226 1379 55.
1244 1325 1289 1363 10.

410 1424 464 1476 For
477 1441 543 1476 soors
555 1441 601 1476 are
613 1425 719 1477 carried
731 1443 765 1478 oo
778 1426 872 1494 merely
878 1425 928 1495 sor
935 1427 1060 1494 pisendo,

184 1560 237 1619 24.
314 1540 422 1603 socius
443 1560 479 1602 es
501 1540 652 1602 hostibus
664 1562 671 1616 ;
699 1541 796 1604 sociis
816 1541 939 1604 bellum
961 1542 1007 1604 ita
1028 1541 1116 1623 geris
1139 1551 1176 1604 ut
1199 1542 1290 1605 bella

271 1644 381 1707 omnia
398 1644 524 1706 donum
538 1645 680 1706 auferas.
1092 1675 1168 1726 Non,
1183 1672 1245 1737 243·
1261 1685 1287 1738 7·

254 1845 321 1897 And
333 1845 442 1897 soldiers
455 1862 500 1896 ore
513 1846 577 1896 used
589 1844 617 1895 io
631 1843 749 1912 buildinp
758 1843 869 1911 pellaces
881 1844 970 1895 rather
982 1843 1044 1895 than
1057 1843 1085 1894 in
1093 1843 1220 1913 fipitinp,

186 1979 238 2042 25.
316 1982 382 2023 non
399 1971 431 2023 te
449 1961 560 2042 pudet,
577 1959 680 2035 Mani,
695 1979 770 2022 cum
787 1959 876 2021 domi
892 1969 969 2022 tuae
986 1959 1080 2022 uides
1096 1960 1290 2023 commilito-

272 2086 352 2128 num
369 2075 500 2128 tuorum
517 2063 662 2127 cohortis
679 2063 784 2125 seruis
800 2063 866 2125 tuis
884 2063 1070 2126 ministrare
1090 2065 1289 2126 caementa?

947 2166 1021 2216 Non.
1036 2179 1080 2233 91.
1096 2180 1145 2232 333
1169 2165 1228 2234 196.
1244 2179 1289 2234 25·

227 2283 311 2336 While
323 2283 418 2334 armies
431 2282 465 2351 os
472 2281 555 2343 eoois,
571 2281 625 2332 and
638 2280 704 2332 their
716 2279 776 2342 like,
790 2297 835 2332 are
848 2281 888 2331 the
901 2279 976 2348 chief
977 2279 1071 2348 forces
1084 2281 1118 2349 of
1127 2281 1168 2332 the
1180 2289 1253 2333 state.

186 2402 238 2465 26.
273 2449 279 2462 .
305 2448 312 2462 .
338 2448 344 2461 .
370 2397 495 2461 chortis
511 2417 666 2460 cocorum
683 2405 783 2478 atque
803 2393 1023 2458 himiotarum
1042 2395 1288 2479 aticupumque.

1115 2500 1187 2552 Non.
1202 2513 1246 2566 25.
1262 2499 1289 2550 8.

240 2616 296 2669 Oor
308 2624 446 2678 ancestors,
460 2616 575 2667 however
587 2614 677 2682 simple
691 2613 756 2665 their
768 2613 822 2681 life,
836 2614 890 2664 hod
902 2614 942 2664 tie
955 2613 1024 2682 ripht
1036 2613 1114 2681 spirit
1126 2614 1154 2665 im
1167 2615 1242 2666 them.

186 2751 239 2812 27.
316 2733 369 2794 aui
389 2741 421 2794 et
441 2731 530 2794 ataui
549 2730 662 2806 nostri,
680 2751 755 2793 cum
775 2729 875 2791 alium
896 2749 933 2792 ac
953 2749 1036 2811 cepe
1055 2749 1170 2793 eorum
1188 2730 1291 2793 uerba

272 2837 407 2911 olerent,
425 2846 537 2898 tamen
555 2845 691 2916 optume
709 2833 845 2896 animati
862 2843 964 2896 erant.
1100 2876 1174 2928 Non'
1188 2889 1248 2926 201,
1264 2889 1289 2926 Ι,

350 3039 404 3091 But
418 3057 451 3092 oo
465 3039 593 3090 Hercules
606 3039 684 3091 could
697 3039 800 3089 eiecisse
813 3038 879 3088 these
892 3036 1007 3104 Aupeao
1020 3037 1122 3088 stables.

185 3159 239 3222 28.
272 3177 339 3219 non
359 3156 523 3219 Hercules
540 3165 659 3236 potest,
677 3154 734 3236 qui
751 3149 861 3238 [cum]
879 3151 1011 3233 Augiae
1029 3152 1153 3233 egisset
1168 3149 1292 3234 κόπρον

1076 3257 1151 3306 Non.
1167 3267 1228 3318 242.
1248 3253 1289 3306 16.

422 3362 470 3414 Lei
482 3362 589 3430 Jupiter
602 3362 732 3412 intereene
746 3361 804 3412 wim
817 3359 858 3411 iiis
871 3359 1054 3421 thuoderbolts

186 3498 239 3561 29.
272 3478 351 3544 time
379 3489 517 3562 repente
544 3478 697 3541 caelitum
726 3476 828 3539 altum
853 3473 1029 3538 tonitribus
1056 3472 1219 3556 temph'tm
1244 3484 1291 3537 to-

359 3593 484 3658 nescat’
1080 3621 1154 3671 Non.
1171 3619 1229 3671 180.
1248 3634 1289 3686 13.
