2926 4232
454 257 664 306 FRAGMENTS
686 257 733 306 OF
757 257 882 306 ROMAN
906 257 1032 307 SATIRE

562 433 606 476 Ex
631 433 743 477 LIBRIS
767 433 925 477 INCERTIS

509 540 564 592 Tire
578 541 622 592 old
635 540 740 592 Roman
754 541 826 592 irleol
838 541 872 610 of
883 541 975 594 virtue.

193 676 266 741 195.
299 659 413 734 uirtuS,
432 659 585 733 Albeine,
603 668 654 720 est
671 657 813 740 pretium
831 660 1021 740 persoluere
1037 678 1147 722 rerum

298 763 392 845 queis
409 763 441 824 in
459 781 640 837 uersamur,
658 761 752 844 queis
768 761 910 824 uiuimus
927 763 1026 826 rebus
1043 773 1196 844 potesse:

299 867 404 928 uirtus
420 876 479 941 est,
498 865 624 929 homini
640 865 734 928 scirei
751 887 816 947 quo
833 886 985 949 quaeque
1002 866 1100 929 abeat
1115 887 1187 930 res:

298 970 412 1046 uirtuS,
432 970 526 1033 scirei
543 969 668 1032 homini
685 979 821 1045 rectum,
839 970 927 1044 utile,
946 970 1025 1053 quid
1042 971 1083 1033 sit
1104 973 1296 1047 honestum,

250 1099 263 1153 5
298 1094 383 1156 quae
403 1073 500 1148 bona,
518 1093 603 1154 quae
623 1073 709 1134 mala
728 1073 817 1148 item,
834 1073 913 1156 quid
935 1073 1060 1149 inutile,
1078 1084 1183 1156 turpe,
1202 1075 1299 1138 inho

385 1186 535 1239 nestum:

298 1281 411 1356 uirtus,
429 1281 639 1362 quaerendae
656 1281 756 1342 finem
772 1299 808 1342 re
825 1280 907 1343 scire
925 1281 1144 1364 modumque:

297 1385 411 1459 uirtus,
429 1384 552 1446 diuitiis
569 1383 711 1465 pretium
728 1385 918 1464 persoluere
936 1405 1053 1465 posse:

297 1489 411 1562 uirtus,
430 1487 462 1549 id
478 1488 557 1550 dare
574 1487 663 1570 quod
679 1507 714 1549 re
731 1487 804 1568 ipsa
820 1488 968 1563 debetur,
987 1489 1121 1565 honori;

297 1593 426 1655 hostem
444 1611 517 1653 esse
534 1600 633 1673 atque
650 1590 818 1654 inimicum
835 1592 1005 1654 hominum
1019 1613 1214 1676 morumque
1228 1615 1296 1656 ma-

385 1696 500 1770 lorum,

233 1827 263 1864 10
297 1809 413 1863 contra
430 1799 641 1862 defensorem
660 1798 829 1862 hominum
847 1819 1042 1882 morumque
1058 1800 1231 1876 bonorum,

297 1905 358 1966 hos
385 1903 498 1984 magni
525 1903 646 1977 facere,
676 1903 726 1964 his
753 1903 839 1966 bene
866 1904 961 1980 uelle,
991 1904 1042 1967 his
1070 1905 1183 1968 uiuere
1215 1909 1294 1968 arni-

383 2027 478 2082 cum;

296 2111 471 2174 commoda
488 2119 661 2192 praeterea
678 2110 795 2191 patriai
812 2110 918 2191 prima
935 2121 1062 2192 putare,

297 2215 418 2278 deinde
434 2225 618 2297 parentum,
636 2214 734 2276 tertia
750 2214 814 2276 iam
832 2225 1066 2297 postremaque
1083 2227 1206 2279 nostra.

987 2318 1061 2370 Lact.
1076 2317 1143 2370 lost.
1155 2319 1206 2372 VI.
1223 2334 1248 2389 5.
1266 2335 1292 2371 2.

493 2446 555 2516 Life
568 2446 591 2498 is
603 2463 641 2498 an
653 2445 736 2498 active
746 2446 825 2515 soree
838 2445 926 2497 within
940 2463 979 2498 os.

189 2568 262 2648 196.
310 2565 361 2629 uis
377 2574 428 2629 est
443 2564 520 2640 uita,
538 2564 651 2641 uides;
676 2563 726 2626 uis
742 2585 803 2627 nos
819 2565 930 2628 facere
947 2565 1058 2628 omnia
1074 2566 1171 2647 cogit.

1014 2668 1092 2719 vm.
1105 2667 1137 2719 r.
1150 2668 1184 2720 r.
1196 2669 1233 2721 v.
1248 2669 1293 2736 ⁶3.

441 2797 497 2849 Tte
509 2797 557 2849 low
570 2797 653 2849 ideols
666 2796 701 2864 os
709 2797 750 2848 tire
758 2804 866 2864 present
877 2796 1038 2864 qenerotion.

189 2933 262 2997 197.
296 2937 384 2980 nunc
400 2937 480 2979 uero
497 2937 516 2977 a
533 2936 629 2978 mane
646 2915 688 2977 ad
705 2924 845 2989 noctem,
864 2915 951 2977 testo
967 2925 1067 2997 atque
1085 2917 1245 2996 profest0,

295 3031 365 3084 toto
381 3020 494 3083 itidem
511 3020 700 3101 pariterque
717 3019 770 3080 die
787 3019 997 3100 populusque
1014 3030 1192 3102 patresque

295 3125 417 3188 iactare
434 3124 514 3186 indu
531 3124 604 3185 foro
622 3143 656 3185 se
673 3143 798 3197 omnes,
816 3123 977 3186 decedere
994 3143 1169 3205 nusquam,

296 3229 353 3291 uni
370 3249 405 3291 se
422 3227 530 3310 adque
547 3227 654 3288 eidem
671 3226 779 3288 studio
796 3247 911 3288 omnes
928 3227 1049 3289 dedere
1066 3237 1098 3289 et
1115 3227 1177 3290 arti
1187 3249 1194 3304 ;

247 3357 260 3411 5
295 3333 398 3409 uerba
415 3332 494 3394 dare
510 3341 546 3393 ut
562 3340 658 3393 caute
675 3329 813 3411 possint,
832 3350 982 3410 pugnare
999 3331 1131 3407 dolose;

295 3437 455 3500 blanditia
471 3445 607 3510 certare,
625 3435 749 3496 bonum
766 3433 919 3496 simulare
936 3434 1044 3497 uirum
1061 3455 1114 3511 se;

295 3541 432 3604 insidias
448 3541 569 3614 iacere,
587 3549 623 3601 ut
640 3538 667 3600 si
684 3539 797 3601 hostes
813 3537 878 3599 sint
895 3538 1047 3600 omnibus
1064 3559 1187 3602 omnes.

991 3640 1067 3693 Lact.
1083 3639 1101 3690 I
1101 3649 1148 3692 nst.
1159 3641 1193 3694 V.
1207 3657 1232 3711 9.
1247 3657 1291 3696 20.
