<?xml version="1.0" encoding="UTF-8"?>
<!DOCTYPE html PUBLIC "-//W3C//DTD XHTML 1.0 Transitional//EN"
    "http://www.w3.org/TR/xhtml1/DTD/xhtml1-transitional.dtd">
<html xmlns="http://www.w3.org/1999/xhtml" xml:lang="en" lang="en">
 <head>
  <title>
</title>
<meta http-equiv="Content-Type" content="text/html;charset=utf-8" />
  <meta name='ocr-system' content='tesseract 3.04.00' />
  <meta name='ocr-capabilities' content='ocr_page ocr_carea ocr_par ocr_line ocrx_word'/>
</head>
<body>
  <div class='ocr_page' id='page_1' title='image "./fragmentsromans01unkngoog_0123.png"; bbox 0 0 2934 4236; ppageno 0'>
   <div class='ocr_carea' id='block_1_1' title="bbox 220 301 1054 365">
    <p class='ocr_par' dir='ltr' id='par_1_1' title="bbox 220 301 1054 365">
     <span class='ocr_line' id='line_1_1' title="bbox 220 301 1054 365; baseline -0.006 0"><span class='ocrx_word' id='word_1_1' title='bbox 220 301 279 365; x_wconf 87' lang='lat'>116</span> <span class='ocrx_word' id='word_1_2' title='bbox 478 311 689 362; x_wconf 74' lang='lat' dir='ltr'>assensum</span> <span class='ocrx_word' id='word_1_3' title='bbox 711 312 757 362; x_wconf 80' lang='lat' dir='ltr'>or</span> <span class='ocrx_word' id='word_1_4' title='bbox 779 312 904 362; x_wconf 67' lang='lat' dir='ltr'>nomeu</span> <span class='ocrx_word' id='word_1_5' title='bbox 928 311 1054 362; x_wconf 75' lang='lat' dir='ltr'>snmus</span> 
     </span>
    </p>
   </div>
   <div class='ocr_carea' id='block_1_2' title="bbox 229 467 1322 966">
    <p class='ocr_par' dir='ltr' id='par_1_2' title="bbox 267 467 1320 554">
     <span class='ocr_line' id='line_1_2' title="bbox 267 467 1320 554; baseline 0.001 -24"><span class='ocrx_word' id='word_1_6' title='bbox 267 467 399 549; x_wconf 87' lang='lat' dir='ltr'>pestiuo</span> <span class='ocrx_word' id='word_1_7' title='bbox 436 468 665 554; x_wconf 72' lang='lat' dir='ltr'>inhaerentem</span> <span class='ocrx_word' id='word_1_8' title='bbox 703 468 894 544; x_wconf 91' lang='lat' dir='ltr'>ministerio,</span> <span class='ocrx_word' id='word_1_9' title='bbox 930 477 1170 550; x_wconf 85' lang='lat' dir='ltr'>execratusque</span> <span class='ocrx_word' id='word_1_10' title='bbox 1208 487 1320 544; x_wconf 87' lang='lat' dir='ltr'>omen,</span> 
     </span>
    </p>

    <p class='ocr_par' dir='ltr' id='par_1_3' title="bbox 267 571 1322 654">
     <span class='ocr_line' id='line_1_3' title="bbox 267 571 1322 654; baseline 0 -20"><span class='ocrx_word' id='word_1_11' title='bbox 267 572 355 654; x_wconf 94' lang='lat' dir='ltr'>quod</span> <span class='ocrx_word' id='word_1_12' title='bbox 379 571 563 636; x_wconf 88' lang='lat' dir='ltr'>imitaretur</span> <span class='ocrx_word' id='word_1_13' title='bbox 585 573 824 654; x_wconf 86' lang='lat' dir='ltr'>naufragorum</span> <span class='ocrx_word' id='word_1_14' title='bbox 846 572 998 635; x_wconf 90' lang='lat' dir='ltr'>ultimum</span> <span class='ocrx_word' id='word_1_15' title='bbox 1017 582 1141 648; x_wconf 90' lang='lat' dir='ltr'>uotum,</span> <span class='ocrx_word' id='word_1_16' title='bbox 1159 571 1193 636; x_wconf 93' lang='lat' dir='ltr'>in</span> <span class='ocrx_word' id='word_1_17' title='bbox 1209 571 1322 634; x_wconf 89' lang='lat' dir='ltr'>cubile</span> 
     </span>
    </p>

    <p class='ocr_par' dir='ltr' id='par_1_4' title="bbox 267 675 1321 740">
     <span class='ocr_line' id='line_1_4' title="bbox 267 675 1321 740; baseline 0 -2"><span class='ocrx_word' id='word_1_18' title='bbox 267 675 409 738; x_wconf 90' lang='lat' dir='ltr'>reiectus</span> <span class='ocrx_word' id='word_1_19' title='bbox 433 685 492 739; x_wconf 91' lang='lat' dir='ltr'>est.</span> <span class='ocrx_word' id='word_1_20' title='bbox 540 696 601 739; x_wconf 92' lang='lat' dir='ltr'>nos</span> <span class='ocrx_word' id='word_1_21' title='bbox 628 675 835 740; x_wconf 91' lang='lat' dir='ltr'>dissimulata</span> <span class='ocrx_word' id='word_1_22' title='bbox 858 675 1050 738; x_wconf 88' lang='lat' dir='ltr'>nauseantis</span> <span class='ocrx_word' id='word_1_23' title='bbox 1073 675 1253 739; x_wconf 87' lang='lat' dir='ltr'>deuotione</span> <span class='ocrx_word' id='word_1_24' title='bbox 1276 675 1321 738; x_wconf 90' lang='lat' dir='ltr'>ad</span> 
     </span>
    </p>

    <p class='ocr_par' dir='ltr' id='par_1_5' title="bbox 229 779 1322 966">
     <span class='ocr_line' id='line_1_5' title="bbox 267 779 1322 862; baseline -0.001 -20"><span class='ocrx_word' id='word_1_25' title='bbox 267 780 416 842; x_wconf 90' lang='lat' dir='ltr'>ordinem</span> <span class='ocrx_word' id='word_1_26' title='bbox 446 779 598 843; x_wconf 89' lang='lat' dir='ltr'>tristitiae</span> <span class='ocrx_word' id='word_1_27' title='bbox 629 779 783 856; x_wconf 88' lang='lat' dir='ltr'>redimus,</span> <span class='ocrx_word' id='word_1_28' title='bbox 815 779 1012 862; x_wconf 93' lang='lat' dir='ltr'>silentioque</span> <span class='ocrx_word' id='word_1_29' title='bbox 1042 779 1218 861; x_wconf 88' lang='lat' dir='ltr'>compositi</span> <span class='ocrx_word' id='word_1_30' title='bbox 1248 779 1322 842; x_wconf 91' lang='lat' dir='ltr'>reli-</span> 
     </span>
     <span class='ocr_line' id='line_1_6' title="bbox 229 882 1172 966; baseline 0 -20"><span class='ocrx_word' id='word_1_31' title='bbox 229 911 243 958; x_wconf 85' lang='lat'>5</span> <span class='ocrx_word' id='word_1_32' title='bbox 267 904 350 966; x_wconf 90' lang='lat' dir='ltr'>quas</span> <span class='ocrx_word' id='word_1_33' title='bbox 373 884 479 947; x_wconf 91' lang='lat' dir='ltr'>noctis</span> <span class='ocrx_word' id='word_1_34' title='bbox 504 885 601 948; x_wconf 90' lang='lat' dir='ltr'>horas</span> <span class='ocrx_word' id='word_1_35' title='bbox 625 883 711 947; x_wconf 91' lang='lat' dir='ltr'>male</span> <span class='ocrx_word' id='word_1_36' title='bbox 734 882 882 966; x_wconf 92' lang='lat' dir='ltr'>soporati</span> <span class='ocrx_word' id='word_1_37' title='bbox 904 882 1172 964; x_wconf 92' lang='lat' dir='ltr'>consumpsimus</span> 
     </span>
    </p>
   </div>
   <div class='ocr_carea' id='block_1_3' title="bbox 216 1129 1322 1989">
    <p class='ocr_par' dir='ltr' id='par_1_6' title="bbox 216 1129 1322 1989">
     <span class='ocr_line' id='line_1_7' title="bbox 216 1129 1321 1204; baseline -0.002 -18"><span class='ocrx_word' id='word_1_38' title='bbox 216 1134 270 1187; x_wconf 86' lang='lat' dir='ltr'>But</span> <span class='ocrx_word' id='word_1_39' title='bbox 282 1135 401 1203; x_wconf 79' lang='lat' dir='ltr'>Priapus</span> <span class='ocrx_word' id='word_1_40' title='bbox 414 1135 514 1187; x_wconf 85' lang='lat' dir='ltr'>reueols</span> <span class='ocrx_word' id='word_1_41' title='bbox 527 1135 555 1186; x_wconf 86' lang='lat' dir='ltr'>in</span> <span class='ocrx_word' id='word_1_42' title='bbox 568 1153 585 1187; x_wconf 86' lang='lat' dir='ltr'>o</span> <span class='ocrx_word' id='word_1_43' title='bbox 598 1129 682 1188; x_wconf 83' lang='lat' dir='ltr'>vision</span> <span class='ocrx_word' id='word_1_44' title='bbox 696 1133 761 1187; x_wconf 87' lang='lat' dir='ltr'>tlleir</span> <span class='ocrx_word' id='word_1_45' title='bbox 768 1151 895 1204; x_wconf 81' lang='lat' dir='ltr'>presence</span> <span class='ocrx_word' id='word_1_46' title='bbox 909 1152 942 1187; x_wconf 88' lang='lat' dir='ltr'>on</span> <span class='ocrx_word' id='word_1_47' title='bbox 954 1135 995 1186; x_wconf 80' lang='lat' dir='ltr'>tle</span> <span class='ocrx_word' id='word_1_48' title='bbox 1009 1133 1076 1203; x_wconf 80' lang='lat' dir='ltr'>slip,</span> <span class='ocrx_word' id='word_1_49' title='bbox 1090 1135 1145 1186; x_wconf 86' lang='lat' dir='ltr'>and</span> <span class='ocrx_word' id='word_1_50' title='bbox 1160 1134 1218 1202; x_wconf 77' lang='lat' dir='ltr'>tltep</span> <span class='ocrx_word' id='word_1_51' title='bbox 1229 1150 1276 1186; x_wconf 84' lang='lat' dir='ltr'>are</span> <span class='ocrx_word' id='word_1_52' title='bbox 1291 1133 1321 1184; x_wconf 87' lang='lat' dir='ltr'>in</span> 
     </span>
     <span class='ocr_line' id='line_1_8' title="bbox 267 1212 1322 1292; baseline -0.002 -18"><span class='ocrx_word' id='word_1_53' title='bbox 267 1231 342 1291; x_wconf 79' lang='lat' dir='ltr'>preat</span> <span class='ocrx_word' id='word_1_54' title='bbox 354 1224 456 1292; x_wconf 76' lang='lat' dir='ltr'>danper</span> <span class='ocrx_word' id='word_1_55' title='bbox 468 1222 503 1290; x_wconf 89' lang='lat' dir='ltr'>os</span> <span class='ocrx_word' id='word_1_56' title='bbox 513 1240 600 1274; x_wconf 89' lang='lat' dir='ltr'>seuere</span> <span class='ocrx_word' id='word_1_57' title='bbox 614 1231 749 1275; x_wconf 81' lang='lat' dir='ltr'>treatment</span> <span class='ocrx_word' id='word_1_58' title='bbox 754 1239 764 1285; x_wconf 89' lang='lat'><em>;</em></span> <span class='ocrx_word' id='word_1_59' title='bbox 781 1239 872 1290; x_wconf 85' lang='lat' dir='ltr'>peace,</span> <span class='ocrx_word' id='word_1_60' title='bbox 886 1222 1008 1285; x_wconf 79' lang='lat' dir='ltr'>loroeuer,</span> <span class='ocrx_word' id='word_1_61' title='bbox 1022 1221 1044 1273; x_wconf 86' lang='lat' dir='ltr'>is</span> <span class='ocrx_word' id='word_1_62' title='bbox 1054 1212 1154 1290; x_wconf 79' lang='lat' dir='ltr'>findllp</span> <span class='ocrx_word' id='word_1_63' title='bbox 1167 1222 1251 1284; x_wconf 85' lang='lat' dir='ltr'>made,</span> <span class='ocrx_word' id='word_1_64' title='bbox 1264 1221 1322 1272; x_wconf 74' lang='lat' dir='ltr'>ariel</span> 
     </span>
     <span class='ocr_line' id='line_1_9' title="bbox 248 1308 1322 1378; baseline -0.001 -17"><span class='ocrx_word' id='word_1_65' title='bbox 248 1316 285 1361; x_wconf 87' lang='lat' dir='ltr'>&#39;a</span> <span class='ocrx_word' id='word_1_66' title='bbox 302 1326 394 1362; x_wconf 86' lang='lat' dir='ltr'>seuson</span> <span class='ocrx_word' id='word_1_67' title='bbox 411 1309 445 1377; x_wconf 89' lang='lat' dir='ltr'>os</span> <span class='ocrx_word' id='word_1_68' title='bbox 457 1310 564 1377; x_wconf 81' lang='lat' dir='ltr'>lilaritp</span> <span class='ocrx_word' id='word_1_69' title='bbox 580 1327 681 1362; x_wconf 87' lang='lat' dir='ltr'>ensues.</span> <span class='ocrx_word' id='word_1_70' title='bbox 721 1309 870 1378; x_wconf 77' lang='lat' dir='ltr'>Eumolpus</span> <span class='ocrx_word' id='word_1_71' title='bbox 886 1308 1036 1377; x_wconf 79' lang='lat' dir='ltr'>improvises</span> <span class='ocrx_word' id='word_1_72' title='bbox 1053 1309 1141 1376; x_wconf 78' lang='lat' dir='ltr'>timelp</span> <span class='ocrx_word' id='word_1_73' title='bbox 1156 1325 1248 1372; x_wconf 86' lang='lat' dir='ltr'>verses,</span> <span class='ocrx_word' id='word_1_74' title='bbox 1264 1309 1322 1360; x_wconf 83' lang='lat' dir='ltr'>und</span> 
     </span>
     <span class='ocr_line' id='line_1_10' title="bbox 267 1395 1321 1466; baseline 0 -18"><span class='ocrx_word' id='word_1_75' title='bbox 267 1398 324 1449; x_wconf 89' lang='lat' dir='ltr'>tells</span> <span class='ocrx_word' id='word_1_76' title='bbox 339 1398 380 1448; x_wconf 79' lang='lat' dir='ltr'>tlte</span> <span class='ocrx_word' id='word_1_77' title='bbox 395 1397 465 1466; x_wconf 82' lang='lat' dir='ltr'>witly</span> <span class='ocrx_word' id='word_1_78' title='bbox 477 1406 546 1465; x_wconf 74' lang='lat' dir='ltr'>story</span> <span class='ocrx_word' id='word_1_79' title='bbox 559 1397 594 1466; x_wconf 88' lang='lat' dir='ltr'>of</span> <span class='ocrx_word' id='word_1_80' title='bbox 605 1398 645 1449; x_wconf 82' lang='lat' dir='ltr'>tle</span> <span class='ocrx_word' id='word_1_81' title='bbox 662 1396 800 1465; x_wconf 75' lang='lat' dir='ltr'>Ephesiam</span> <span class='ocrx_word' id='word_1_82' title='bbox 817 1404 919 1448; x_wconf 83' lang='lat' dir='ltr'>metron</span> <span class='ocrx_word' id='word_1_83' title='bbox 936 1397 993 1448; x_wconf 79' lang='lat' dir='ltr'>tolo</span> <span class='ocrx_word' id='word_1_84' title='bbox 1006 1396 1116 1448; x_wconf 82' lang='lat' dir='ltr'>allowed</span> <span class='ocrx_word' id='word_1_85' title='bbox 1131 1395 1235 1464; x_wconf 83' lang='lat' dir='ltr'>lrerself</span> <span class='ocrx_word' id='word_1_86' title='bbox 1246 1403 1272 1447; x_wconf 87' lang='lat' dir='ltr'>to</span> <span class='ocrx_word' id='word_1_87' title='bbox 1291 1395 1321 1448; x_wconf 81' lang='lat' dir='ltr'>be</span> 
     </span>
     <span class='ocr_line' id='line_1_11' title="bbox 267 1482 1321 1553; baseline -0.002 -17"><span class='ocrx_word' id='word_1_88' title='bbox 267 1485 388 1537; x_wconf 84' lang='lat' dir='ltr'>consoled</span> <span class='ocrx_word' id='word_1_89' title='bbox 398 1485 448 1553; x_wconf 82' lang='lat' dir='ltr'>sor</span> <span class='ocrx_word' id='word_1_90' title='bbox 459 1486 507 1536; x_wconf 86' lang='lat' dir='ltr'>ler</span> <span class='ocrx_word' id='word_1_91' title='bbox 518 1485 658 1536; x_wconf 76' lang='lat' dir='ltr'>imband&#39;s</span> <span class='ocrx_word' id='word_1_92' title='bbox 671 1485 759 1536; x_wconf 77' lang='lat' dir='ltr'>deuel.</span> <span class='ocrx_word' id='word_1_93' title='bbox 797 1483 816 1535; x_wconf 95' lang='grc' dir='ltr'><em>Ι</em></span> <span class='ocrx_word' id='word_1_94' title='bbox 816 1502 833 1535; x_wconf 83' lang='lat' dir='ltr'>n</span> <span class='ocrx_word' id='word_1_95' title='bbox 845 1484 886 1535; x_wconf 84' lang='lat' dir='ltr'>me</span> <span class='ocrx_word' id='word_1_96' title='bbox 899 1483 976 1534; x_wconf 86' lang='lat' dir='ltr'>midst</span> <span class='ocrx_word' id='word_1_97' title='bbox 988 1483 1023 1552; x_wconf 86' lang='lat' dir='ltr'>of</span> <span class='ocrx_word' id='word_1_98' title='bbox 1035 1484 1074 1535; x_wconf 83' lang='lat' dir='ltr'>tlte</span> <span class='ocrx_word' id='word_1_99' title='bbox 1090 1482 1196 1550; x_wconf 81' lang='lat' dir='ltr'>lileritp</span> <span class='ocrx_word' id='word_1_100' title='bbox 1209 1499 1227 1534; x_wconf 87' lang='lat' dir='ltr'>a</span> <span class='ocrx_word' id='word_1_101' title='bbox 1240 1491 1321 1534; x_wconf 88' lang='lat' dir='ltr'>storm</span> 
     </span>
     <span class='ocr_line' id='line_1_12' title="bbox 267 1569 1322 1640; baseline -0.001 -17"><span class='ocrx_word' id='word_1_102' title='bbox 267 1572 357 1635; x_wconf 79' lang='lat' dir='ltr'>crisos,</span> <span class='ocrx_word' id='word_1_103' title='bbox 375 1573 414 1623; x_wconf 81' lang='lat' dir='ltr'>tlte</span> <span class='ocrx_word' id='word_1_104' title='bbox 430 1573 488 1640; x_wconf 84' lang='lat' dir='ltr'>slip</span> <span class='ocrx_word' id='word_1_105' title='bbox 506 1573 528 1623; x_wconf 88' lang='lat' dir='ltr'>is</span> <span class='ocrx_word' id='word_1_106' title='bbox 546 1573 669 1635; x_wconf 82' lang='lat' dir='ltr'>wreclced,</span> <span class='ocrx_word' id='word_1_107' title='bbox 683 1572 738 1624; x_wconf 86' lang='lat' dir='ltr'>und</span> <span class='ocrx_word' id='word_1_108' title='bbox 754 1570 853 1623; x_wconf 86' lang='lat' dir='ltr'>Liellus</span> <span class='ocrx_word' id='word_1_109' title='bbox 870 1571 996 1623; x_wconf 85' lang='lat' dir='ltr'>drowned</span> <span class='ocrx_word' id='word_1_110' title='bbox 1004 1587 1013 1631; x_wconf 91' lang='lat'><em>;</em></span> <span class='ocrx_word' id='word_1_111' title='bbox 1035 1571 1077 1622; x_wconf 87' lang='lat' dir='ltr'>but</span> <span class='ocrx_word' id='word_1_112' title='bbox 1095 1569 1245 1638; x_wconf 86' lang='lat' dir='ltr'>Encolpius</span> <span class='ocrx_word' id='word_1_113' title='bbox 1265 1571 1322 1622; x_wconf 83' lang='lat' dir='ltr'>ond</span> 
     </span>
     <span class='ocr_line' id='line_1_13' title="bbox 267 1657 1321 1727; baseline -0.003 -16"><span class='ocrx_word' id='word_1_114' title='bbox 267 1659 355 1721; x_wconf 81' lang='lat' dir='ltr'>Giton,</span> <span class='ocrx_word' id='word_1_115' title='bbox 375 1660 434 1711; x_wconf 81' lang='lat' dir='ltr'>will</span> <span class='ocrx_word' id='word_1_116' title='bbox 454 1659 609 1727; x_wconf 82' lang='lat' dir='ltr'>Eumolpus,</span> <span class='ocrx_word' id='word_1_117' title='bbox 629 1676 674 1711; x_wconf 87' lang='lat' dir='ltr'>are</span> <span class='ocrx_word' id='word_1_118' title='bbox 689 1659 790 1727; x_wconf 78' lang='lat' dir='ltr'>finally</span> <span class='ocrx_word' id='word_1_119' title='bbox 807 1659 895 1722; x_wconf 80' lang='lat' dir='ltr'>saved,</span> <span class='ocrx_word' id='word_1_120' title='bbox 915 1659 970 1709; x_wconf 83' lang='lat' dir='ltr'>and</span> <span class='ocrx_word' id='word_1_121' title='bbox 981 1657 1047 1726; x_wconf 83' lang='lat' dir='ltr'>find</span> <span class='ocrx_word' id='word_1_122' title='bbox 1065 1657 1213 1709; x_wconf 74' lang='lat' dir='ltr'>themselves</span> <span class='ocrx_word' id='word_1_123' title='bbox 1232 1657 1261 1708; x_wconf 86' lang='lat' dir='ltr'>in</span> <span class='ocrx_word' id='word_1_124' title='bbox 1280 1658 1321 1709; x_wconf 82' lang='lat' dir='ltr'>tlte</span> 
     </span>
     <span class='ocr_line' id='line_1_14' title="bbox 267 1745 1321 1814; baseline 0.001 -18"><span class='ocrx_word' id='word_1_125' title='bbox 267 1746 458 1814; x_wconf 77' lang='lat' dir='ltr'>neiplborlood</span> <span class='ocrx_word' id='word_1_126' title='bbox 476 1746 511 1814; x_wconf 89' lang='lat' dir='ltr'>os</span> <span class='ocrx_word' id='word_1_127' title='bbox 526 1747 567 1798; x_wconf 81' lang='lat' dir='ltr'>tlte</span> <span class='ocrx_word' id='word_1_128' title='bbox 585 1746 638 1813; x_wconf 79' lang='lat' dir='ltr'>city</span> <span class='ocrx_word' id='word_1_129' title='bbox 656 1745 690 1814; x_wconf 91' lang='lat' dir='ltr'>of</span> <span class='ocrx_word' id='word_1_130' title='bbox 705 1745 811 1798; x_wconf 79' lang='lat' dir='ltr'>Croton.</span> <span class='ocrx_word' id='word_1_131' title='bbox 858 1745 1015 1812; x_wconf 82' lang='lat' dir='ltr'>Tlereupon</span> <span class='ocrx_word' id='word_1_132' title='bbox 1037 1745 1095 1812; x_wconf 77' lang='lat' dir='ltr'>tlep</span> <span class='ocrx_word' id='word_1_133' title='bbox 1111 1745 1190 1812; x_wconf 77' lang='lat' dir='ltr'>lupa</span> <span class='ocrx_word' id='word_1_134' title='bbox 1213 1753 1273 1812; x_wconf 87' lang='lat' dir='ltr'>trup</span> <span class='ocrx_word' id='word_1_135' title='bbox 1295 1753 1321 1797; x_wconf 84' lang='lat' dir='ltr'>tu</span> 
     </span>
     <span class='ocr_line' id='line_1_15' title="bbox 267 1831 1320 1902; baseline -0.002 -18"><span class='ocrx_word' id='word_1_136' title='bbox 267 1835 339 1884; x_wconf 84' lang='lat' dir='ltr'>catclr</span> <span class='ocrx_word' id='word_1_137' title='bbox 355 1834 564 1902; x_wconf 77' lang='lat' dir='ltr'>leqaop-ltuuters</span> <span class='ocrx_word' id='word_1_138' title='bbox 579 1833 611 1900; x_wconf 77' lang='lat' dir='ltr'>by</span> <span class='ocrx_word' id='word_1_139' title='bbox 623 1833 783 1902; x_wconf 77' lang='lat' dir='ltr'>pretendinp</span> <span class='ocrx_word' id='word_1_140' title='bbox 797 1833 850 1884; x_wconf 78' lang='lat' dir='ltr'>clar</span> <span class='ocrx_word' id='word_1_141' title='bbox 868 1832 1018 1900; x_wconf 85' lang='lat' dir='ltr'>Eumolpus</span> <span class='ocrx_word' id='word_1_142' title='bbox 1035 1831 1057 1883; x_wconf 90' lang='lat' dir='ltr'>is</span> <span class='ocrx_word' id='word_1_143' title='bbox 1073 1848 1091 1883; x_wconf 84' lang='lat' dir='ltr'>a</span> <span class='ocrx_word' id='word_1_144' title='bbox 1108 1831 1171 1894; x_wconf 83' lang='lat' dir='ltr'>ricl,</span> <span class='ocrx_word' id='word_1_145' title='bbox 1187 1831 1320 1895; x_wconf 81' lang='lat' dir='ltr'>cltildless‚</span> 
     </span>
     <span class='ocr_line' id='line_1_16' title="bbox 268 1918 1321 1989; baseline -0.002 -17"><span class='ocrx_word' id='word_1_146' title='bbox 268 1921 323 1972; x_wconf 85' lang='lat' dir='ltr'>aud</span> <span class='ocrx_word' id='word_1_147' title='bbox 334 1921 421 1988; x_wconf 84' lang='lat' dir='ltr'>seeble</span> <span class='ocrx_word' id='word_1_148' title='bbox 434 1921 478 1972; x_wconf 88' lang='lat' dir='ltr'>old</span> <span class='ocrx_word' id='word_1_149' title='bbox 490 1937 562 1974; x_wconf 88' lang='lat' dir='ltr'>man.</span> <span class='ocrx_word' id='word_1_150' title='bbox 601 1920 749 1989; x_wconf 84' lang='lat' dir='ltr'>Eumolpus</span> <span class='ocrx_word' id='word_1_151' title='bbox 762 1919 915 1972; x_wconf 77' lang='lat' dir='ltr'>meanwhile</span> <span class='ocrx_word' id='word_1_152' title='bbox 929 1927 984 1988; x_wconf 78' lang='lat' dir='ltr'>pets</span> <span class='ocrx_word' id='word_1_153' title='bbox 999 1936 1016 1971; x_wconf 88' lang='lat' dir='ltr'>a</span> <span class='ocrx_word' id='word_1_154' title='bbox 1031 1919 1129 1971; x_wconf 78' lang='lat' dir='ltr'>clance</span> <span class='ocrx_word' id='word_1_155' title='bbox 1147 1927 1172 1970; x_wconf 90' lang='lat' dir='ltr'>to</span> <span class='ocrx_word' id='word_1_156' title='bbox 1189 1918 1321 1970; x_wconf 71' lang='lat' dir='ltr'>elucidare</span> 
     </span>
    </p>
   </div>
   <div class='ocr_carea' id='block_1_4' title="bbox 264 2005 1322 2146">
    <p class='ocr_par' dir='ltr' id='par_1_7' title="bbox 264 2005 1322 2146">
     <span class='ocr_line' id='line_1_17' title="bbox 267 2005 1322 2076; baseline 0 -18"><span class='ocrx_word' id='word_1_157' title='bbox 267 2007 306 2058; x_wconf 76' lang='lat' dir='ltr'>lis</span> <span class='ocrx_word' id='word_1_158' title='bbox 324 2007 396 2058; x_wconf 83' lang='lat' dir='ltr'>ideas</span> <span class='ocrx_word' id='word_1_159' title='bbox 413 2008 447 2075; x_wconf 91' lang='lat' dir='ltr'>os</span> <span class='ocrx_word' id='word_1_160' title='bbox 460 2007 518 2074; x_wconf 88' lang='lat' dir='ltr'>epic</span> <span class='ocrx_word' id='word_1_161' title='bbox 532 2015 632 2076; x_wconf 83' lang='lat' dir='ltr'>poetrp,</span> <span class='ocrx_word' id='word_1_162' title='bbox 648 2008 703 2060; x_wconf 83' lang='lat' dir='ltr'>and</span> <span class='ocrx_word' id='word_1_163' title='bbox 719 2016 744 2060; x_wconf 86' lang='lat' dir='ltr'>to</span> <span class='ocrx_word' id='word_1_164' title='bbox 761 2007 839 2060; x_wconf 86' lang='lat' dir='ltr'>recite</span> <span class='ocrx_word' id='word_1_165' title='bbox 856 2024 874 2058; x_wconf 88' lang='grc' dir='ltr'><em>α</em></span> <span class='ocrx_word' id='word_1_166' title='bbox 890 2006 991 2059; x_wconf 84' lang='lat' dir='ltr'>tedious</span> <span class='ocrx_word' id='word_1_167' title='bbox 1006 2023 1084 2075; x_wconf 90' lang='lat' dir='ltr'>poem</span> <span class='ocrx_word' id='word_1_168' title='bbox 1103 2005 1137 2074; x_wconf 87' lang='lat' dir='ltr'>of</span> <span class='ocrx_word' id='word_1_169' title='bbox 1150 2005 1190 2057; x_wconf 86' lang='lat' dir='ltr'>lis</span> <span class='ocrx_word' id='word_1_170' title='bbox 1209 2023 1267 2057; x_wconf 86' lang='lat' dir='ltr'>own</span> <span class='ocrx_word' id='word_1_171' title='bbox 1286 2023 1322 2058; x_wconf 85' lang='lat' dir='ltr'>on</span> 
     </span>
     <span class='ocr_line' id='line_1_18' title="bbox 264 2093 477 2146; baseline 0 -2"><span class='ocrx_word' id='word_1_172' title='bbox 264 2095 303 2145; x_wconf 82' lang='lat' dir='ltr'>tle</span> <span class='ocrx_word' id='word_1_173' title='bbox 319 2094 390 2146; x_wconf 83' lang='lat' dir='ltr'>Ciuil</span> <span class='ocrx_word' id='word_1_174' title='bbox 405 2093 477 2146; x_wconf 87' lang='lat' dir='ltr'>War.</span> 
     </span>
    </p>
   </div>
   <div class='ocr_carea' id='block_1_5' title="bbox 314 2230 1427 2314">
    <p class='ocr_par' dir='ltr' id='par_1_8' title="bbox 314 2230 1427 2314">
     <span class='ocr_line' id='line_1_19' title="bbox 314 2230 1427 2314; baseline 0.001 -21"><span class='ocrx_word' id='word_1_175' title='bbox 314 2251 386 2308; x_wconf 89' lang='lat'>114.</span> <span class='ocrx_word' id='word_1_176' title='bbox 412 2232 491 2293; x_wconf 93' lang='lat' dir='ltr'>dum</span> <span class='ocrx_word' id='word_1_177' title='bbox 508 2232 590 2294; x_wconf 90' lang='lat' dir='ltr'>haec</span> <span class='ocrx_word' id='word_1_178' title='bbox 606 2231 751 2314; x_wconf 90' lang='lat' dir='ltr'>taliaque</span> <span class='ocrx_word' id='word_1_179' title='bbox 775 2232 945 2307; x_wconf 74' lang='lat' dir='ltr'>iactamus</span> <span class='ocrx_word' id='word_1_180' title='bbox 964 2230 1126 2294; x_wconf 92' lang='lat' dir='ltr'>inhorruit</span> <span class='ocrx_word' id='word_1_181' title='bbox 1149 2250 1240 2293; x_wconf 91' lang='lat' dir='ltr'>mare</span> <span class='ocrx_word' id='word_1_182' title='bbox 1262 2251 1322 2293; x_wconf 92' lang='lat' dir='ltr'>nu·</span> <span class='ocrx_word' id='word_1_183' title='bbox 1422 2287 1427 2294; x_wconf 90' lang='lat'>.</span> 
     </span>
    </p>
   </div>
   <div class='ocr_carea' id='block_1_6' title="bbox 152 2333 1323 3747">
    <p class='ocr_par' dir='ltr' id='par_1_9' title="bbox 152 2333 1323 3747">
     <span class='ocr_line' id='line_1_20' title="bbox 267 2333 1322 2417; baseline 0.001 -22"><span class='ocrx_word' id='word_1_184' title='bbox 267 2334 391 2416; x_wconf 92' lang='lat' dir='ltr'>besque</span> <span class='ocrx_word' id='word_1_185' title='bbox 415 2335 561 2417; x_wconf 93' lang='lat' dir='ltr'>undique</span> <span class='ocrx_word' id='word_1_186' title='bbox 587 2336 750 2399; x_wconf 84' lang='lat' dir='ltr'>adductae</span> <span class='ocrx_word' id='word_1_187' title='bbox 774 2335 914 2398; x_wconf 90' lang='lat' dir='ltr'>obruere</span> <span class='ocrx_word' id='word_1_188' title='bbox 941 2334 1088 2398; x_wconf 91' lang='lat' dir='ltr'>tenebris</span> <span class='ocrx_word' id='word_1_189' title='bbox 1112 2333 1209 2397; x_wconf 89' lang='lat' dir='ltr'>diem.</span> <span class='ocrx_word' id='word_1_190' title='bbox 1257 2334 1322 2397; x_wconf 93' lang='lat' dir='ltr'>dis-</span> 
     </span>
     <span class='ocr_line' id='line_1_21' title="bbox 266 2437 1322 2522; baseline 0 -22"><span class='ocrx_word' id='word_1_191' title='bbox 266 2447 403 2500; x_wconf 91' lang='lat' dir='ltr'>currunt</span> <span class='ocrx_word' id='word_1_192' title='bbox 419 2449 542 2502; x_wconf 88' lang='lat' dir='ltr'>nautae</span> <span class='ocrx_word' id='word_1_193' title='bbox 557 2440 600 2502; x_wconf 95' lang='lat' dir='ltr'>ad</span> <span class='ocrx_word' id='word_1_194' title='bbox 622 2439 729 2503; x_wconf 90' lang='lat' dir='ltr'>officia</span> <span class='ocrx_word' id='word_1_195' title='bbox 745 2440 951 2522; x_wconf 89' lang='lat' dir='ltr'>trepidantes</span> <span class='ocrx_word' id='word_1_196' title='bbox 968 2440 1109 2522; x_wconf 88' lang='lat' dir='ltr'>uelaque</span> <span class='ocrx_word' id='word_1_197' title='bbox 1127 2437 1322 2520; x_wconf 86' lang='lat' dir='ltr'>tempestati</span> 
     </span>
     <span class='ocr_line' id='line_1_22' title="bbox 267 2542 1321 2630; baseline 0.002 -26"><span class='ocrx_word' id='word_1_198' title='bbox 267 2542 464 2606; x_wconf 91' lang='lat' dir='ltr'>subducunt.</span> <span class='ocrx_word' id='word_1_199' title='bbox 505 2544 563 2606; x_wconf 91' lang='lat' dir='ltr'>sed</span> <span class='ocrx_word' id='word_1_200' title='bbox 580 2564 641 2606; x_wconf 90' lang='lat' dir='ltr'>nec</span> <span class='ocrx_word' id='word_1_201' title='bbox 658 2553 767 2607; x_wconf 90' lang='lat' dir='ltr'>certos</span> <span class='ocrx_word' id='word_1_202' title='bbox 783 2544 904 2630; x_wconf 85' lang='lat' dir='ltr'>fluctus</span> <span class='ocrx_word' id='word_1_203' title='bbox 920 2553 1041 2607; x_wconf 91' lang='lat' dir='ltr'>uentus</span> <span class='ocrx_word' id='word_1_204' title='bbox 1058 2543 1244 2624; x_wconf 91' lang='lat' dir='ltr'>impulerat,</span> <span class='ocrx_word' id='word_1_205' title='bbox 1256 2563 1321 2606; x_wconf 91' lang='lat' dir='ltr'>nec</span> 
     </span>
     <span class='ocr_line' id='line_1_23' title="bbox 216 2646 1320 2729; baseline -0.001 -19"><span class='ocrx_word' id='word_1_206' title='bbox 216 2679 242 2710; x_wconf 92' lang='lat'>10</span> <span class='ocrx_word' id='word_1_207' title='bbox 267 2667 332 2727; x_wconf 95' lang='lat' dir='ltr'>quo</span> <span class='ocrx_word' id='word_1_208' title='bbox 363 2646 544 2710; x_wconf 90' lang='lat' dir='ltr'>destinaret</span> <span class='ocrx_word' id='word_1_209' title='bbox 575 2668 717 2723; x_wconf 90' lang='lat' dir='ltr'>cursum,</span> <span class='ocrx_word' id='word_1_210' title='bbox 750 2649 954 2729; x_wconf 87' lang='lat' dir='ltr'>gubernator</span> <span class='ocrx_word' id='word_1_211' title='bbox 985 2647 1119 2711; x_wconf 91' lang='lat' dir='ltr'>sciebat.</span> <span class='ocrx_word' id='word_1_212' title='bbox 1172 2646 1320 2712; x_wconf 89' lang='lat' dir='ltr'>Siciliam</span> 
     </span>
     <span class='ocr_line' id='line_1_24' title="bbox 267 2749 1322 2836; baseline 0.001 -24"><span class='ocrx_word' id='word_1_213' title='bbox 267 2751 365 2813; x_wconf 94' lang='lat' dir='ltr'>modo</span> <span class='ocrx_word' id='word_1_214' title='bbox 382 2761 503 2813; x_wconf 90' lang='lat' dir='ltr'>uentus</span> <span class='ocrx_word' id='word_1_215' title='bbox 523 2751 633 2827; x_wconf 90' lang='lat' dir='ltr'>dabat,</span> <span class='ocrx_word' id='word_1_216' title='bbox 652 2751 846 2834; x_wconf 88' lang='lat' dir='ltr'>saepissime</span> <span class='ocrx_word' id='word_1_217' title='bbox 872 2749 923 2835; x_wconf 86' lang='lat' dir='ltr'>[in</span> <span class='ocrx_word' id='word_1_218' title='bbox 947 2749 1057 2836; x_wconf 88' lang='lat' dir='ltr'>oram]</span> <span class='ocrx_word' id='word_1_219' title='bbox 1084 2750 1192 2814; x_wconf 90' lang='lat' dir='ltr'>Italici</span> <span class='ocrx_word' id='word_1_220' title='bbox 1214 2750 1322 2813; x_wconf 91' lang='lat' dir='ltr'>litoris</span> 
     </span>
     <span class='ocr_line' id='line_1_25' title="bbox 267 2855 1320 2936; baseline 0.001 -21"><span class='ocrx_word' id='word_1_221' title='bbox 267 2855 376 2936; x_wconf 90' lang='lat' dir='ltr'>aquilo</span> <span class='ocrx_word' id='word_1_222' title='bbox 398 2875 572 2935; x_wconf 89' lang='lat' dir='ltr'>possessor</span> <span class='ocrx_word' id='word_1_223' title='bbox 588 2857 805 2920; x_wconf 91' lang='lat' dir='ltr'>conuertebat</span> <span class='ocrx_word' id='word_1_224' title='bbox 829 2858 893 2920; x_wconf 90' lang='lat' dir='ltr'>huc</span> <span class='ocrx_word' id='word_1_225' title='bbox 917 2857 992 2920; x_wconf 94' lang='lat' dir='ltr'>illuc</span> <span class='ocrx_word' id='word_1_226' title='bbox 1009 2855 1185 2918; x_wconf 89' lang='lat' dir='ltr'>obnoxiam</span> <span class='ocrx_word' id='word_1_227' title='bbox 1202 2865 1320 2931; x_wconf 89' lang='lat' dir='ltr'>ratem,</span> 
     </span>
     <span class='ocr_line' id='line_1_26' title="bbox 266 2959 1322 3043; baseline 0.001 -23"><span class='ocrx_word' id='word_1_228' title='bbox 266 2967 299 3020; x_wconf 91' lang='lat' dir='ltr'>et</span> <span class='ocrx_word' id='word_1_229' title='bbox 316 2959 404 3039; x_wconf 94' lang='lat' dir='ltr'>quod</span> <span class='ocrx_word' id='word_1_230' title='bbox 424 2959 576 3022; x_wconf 93' lang='lat' dir='ltr'>omnibus</span> <span class='ocrx_word' id='word_1_231' title='bbox 597 2961 750 3042; x_wconf 91' lang='lat' dir='ltr'>procellis</span> <span class='ocrx_word' id='word_1_232' title='bbox 775 2961 992 3043; x_wconf 89' lang='lat' dir='ltr'>periculosius</span> <span class='ocrx_word' id='word_1_233' title='bbox 1009 2969 1088 3036; x_wconf 85' lang='lat' dir='ltr'>erat,</span> <span class='ocrx_word' id='word_1_234' title='bbox 1106 2969 1173 3022; x_wconf 91' lang='lat' dir='ltr'>tam</span> <span class='ocrx_word' id='word_1_235' title='bbox 1191 2959 1322 3040; x_wconf 88' lang='lat' dir='ltr'>spissae</span> 
     </span>
     <span class='ocr_line' id='line_1_27' title="bbox 152 3063 1322 3148; baseline 0.001 -26"><span class='ocrx_word' id='word_1_236' title='bbox 152 3085 165 3112; x_wconf 73' lang='grc' dir='ltr'><strong>ο</strong></span> <span class='ocrx_word' id='word_1_237' title='bbox 267 3072 403 3142; x_wconf 89' lang='lat' dir='ltr'>repente</span> <span class='ocrx_word' id='word_1_238' title='bbox 430 3063 589 3126; x_wconf 91' lang='lat' dir='ltr'>tenebrae</span> <span class='ocrx_word' id='word_1_239' title='bbox 621 3065 728 3128; x_wconf 92' lang='lat' dir='ltr'>lucem</span> <span class='ocrx_word' id='word_1_240' title='bbox 757 3074 1020 3148; x_wconf 87' lang='lat' dir='ltr'>suppresserant,</span> <span class='ocrx_word' id='word_1_241' title='bbox 1049 3073 1085 3126; x_wconf 94' lang='lat' dir='ltr'>ut</span> <span class='ocrx_word' id='word_1_242' title='bbox 1112 3083 1154 3125; x_wconf 88' lang='lat' dir='ltr'>ne</span> <span class='ocrx_word' id='word_1_243' title='bbox 1186 3083 1322 3144; x_wconf 88' lang='lat' dir='ltr'>proram</span> 
     </span>
     <span class='ocr_line' id='line_1_28' title="bbox 216 3165 1323 3250; baseline 0.001 -23"><span class='ocrx_word' id='word_1_244' title='bbox 216 3194 241 3240; x_wconf 83' lang='lat'>15</span> <span class='ocrx_word' id='word_1_245' title='bbox 267 3165 400 3247; x_wconf 92' lang='lat' dir='ltr'>quidem</span> <span class='ocrx_word' id='word_1_246' title='bbox 416 3177 521 3230; x_wconf 89' lang='lat' dir='ltr'>totam</span> <span class='ocrx_word' id='word_1_247' title='bbox 539 3169 741 3250; x_wconf 89' lang='lat' dir='ltr'>gubernator</span> <span class='ocrx_word' id='word_1_248' title='bbox 759 3170 894 3232; x_wconf 87' lang='lat' dir='ltr'>uideret.</span> <span class='ocrx_word' id='word_1_249' title='bbox 935 3169 1047 3250; x_wconf 89' lang='lat' dir='ltr'>itaque</span> <span class='ocrx_word' id='word_1_250' title='bbox 1065 3167 1215 3230; x_wconf 91' lang='lat' dir='ltr'>hercules</span> <span class='ocrx_word' id='word_1_251' title='bbox 1233 3176 1323 3247; x_wconf 91' lang='lat' dir='ltr'>post-</span> 
     </span>
     <span class='ocr_line' id='line_1_29' title="bbox 267 3270 1321 3354; baseline 0.002 -24"><span class='ocrx_word' id='word_1_252' title='bbox 267 3291 367 3351; x_wconf 93' lang='lat' dir='ltr'>quam</span> <span class='ocrx_word' id='word_1_253' title='bbox 391 3271 569 3336; x_wconf 84' lang='lat' dir='ltr'>manifesta</span> <span class='ocrx_word' id='word_1_254' title='bbox 599 3296 615 3330; x_wconf 72' lang='lat' dir='ltr'>s</span> <span class='ocrx_word' id='word_1_255' title='bbox 640 3273 818 3347; x_wconf 91' lang='lat' dir='ltr'>conualuit,</span> <span class='ocrx_word' id='word_1_256' title='bbox 846 3273 969 3336; x_wconf 91' lang='lat' dir='ltr'>Lichas</span> <span class='ocrx_word' id='word_1_257' title='bbox 995 3271 1166 3354; x_wconf 88' lang='lat' dir='ltr'>trepidans</span> <span class='ocrx_word' id='word_1_258' title='bbox 1193 3270 1235 3332; x_wconf 91' lang='lat' dir='ltr'>ad</span> <span class='ocrx_word' id='word_1_259' title='bbox 1266 3290 1321 3333; x_wconf 93' lang='lat' dir='ltr'>me</span> 
     </span>
     <span class='ocr_line' id='line_1_30' title="bbox 267 3374 1321 3460; baseline 0.001 -25"><span class='ocrx_word' id='word_1_260' title='bbox 267 3374 404 3455; x_wconf 93' lang='lat' dir='ltr'>supinas</span> <span class='ocrx_word' id='word_1_261' title='bbox 421 3376 560 3457; x_wconf 86' lang='lat' dir='ltr'>porrigit</span> <span class='ocrx_word' id='word_1_262' title='bbox 576 3397 694 3440; x_wconf 91' lang='lat' dir='ltr'>manus</span> <span class='ocrx_word' id='word_1_263' title='bbox 711 3388 744 3440; x_wconf 92' lang='lat' dir='ltr'>et</span> <span class='ocrx_word' id='word_1_264' title='bbox 762 3378 834 3440; x_wconf 88' lang='lat' dir='ltr'>‘tu&#39;</span> <span class='ocrx_word' id='word_1_265' title='bbox 853 3377 958 3460; x_wconf 92' lang='lat' dir='ltr'>inquit</span> <span class='ocrx_word' id='word_1_266' title='bbox 975 3383 981 3408; x_wconf 85' lang='lat'><strong>⁴</strong></span> <span class='ocrx_word' id='word_1_267' title='bbox 995 3375 1146 3458; x_wconf 89' lang='lat' dir='ltr'>Encolpi,</span> <span class='ocrx_word' id='word_1_268' title='bbox 1164 3393 1321 3437; x_wconf 91' lang='lat' dir='ltr'>succurre</span> 
     </span>
     <span class='ocr_line' id='line_1_31' title="bbox 267 3477 1322 3561; baseline 0 -22"><span class='ocrx_word' id='word_1_269' title='bbox 267 3477 530 3558; x_wconf 89' lang='lat' dir='ltr'>periclitantibus</span> <span class='ocrx_word' id='word_1_270' title='bbox 547 3489 580 3542; x_wconf 90' lang='lat' dir='ltr'>et</span> <span class='ocrx_word' id='word_1_271' title='bbox 596 3491 725 3544; x_wconf 90' lang='lat' dir='ltr'>uestem</span> <span class='ocrx_word' id='word_1_272' title='bbox 742 3481 831 3543; x_wconf 88' lang='lat' dir='ltr'>illam</span> <span class='ocrx_word' id='word_1_273' title='bbox 844 3481 990 3544; x_wconf 89' lang='lat' dir='ltr'>diuinam</span> <span class='ocrx_word' id='word_1_274' title='bbox 1007 3479 1207 3561; x_wconf 91' lang='lat' dir='ltr'>sistrumque</span> <span class='ocrx_word' id='word_1_275' title='bbox 1217 3477 1322 3540; x_wconf 91' lang='lat' dir='ltr'>redde</span> 
     </span>
     <span class='ocr_line' id='line_1_32' title="bbox 266 3581 1322 3666; baseline 0.002 -24"><span class='ocrx_word' id='word_1_276' title='bbox 266 3581 409 3661; x_wconf 86' lang='lat' dir='ltr'>nauigio.</span> <span class='ocrx_word' id='word_1_277' title='bbox 458 3603 517 3663; x_wconf 91' lang='lat' dir='ltr'>per</span> <span class='ocrx_word' id='word_1_278' title='bbox 544 3583 652 3660; x_wconf 84' lang='lat' dir='ltr'>iidem,</span> <span class='ocrx_word' id='word_1_279' title='bbox 682 3583 847 3660; x_wconf 88' lang='lat' dir='ltr'>miserere,</span> <span class='ocrx_word' id='word_1_280' title='bbox 875 3583 1157 3666; x_wconf 90' lang='lat' dir='ltr'>quemadmodum</span> <span class='ocrx_word' id='word_1_281' title='bbox 1185 3581 1322 3662; x_wconf 88' lang='lat' dir='ltr'>quidem</span> 
     </span>
     <span class='ocr_line' id='line_1_33' title="bbox 214 3684 373 3747; baseline 0.013 -2"><span class='ocrx_word' id='word_1_282' title='bbox 214 3715 243 3745; x_wconf 72' lang='grc' dir='ltr'>ω</span> <span class='ocrx_word' id='word_1_283' title='bbox 267 3684 373 3747; x_wconf 64' lang='lat' dir='ltr'>soles!</span> 
     </span>
    </p>
   </div>
   <div class='ocr_carea' id='block_1_7' title="bbox 0 0 1473 4236">
    <p class='ocr_par' dir='ltr' id='par_1_10' title="bbox 0 0 1473 4236">
     <span class='ocr_line' id='line_1_34' title="bbox 0 0 1473 4236; baseline 0 0"><span class='ocrx_word' id='word_1_284' title='bbox 0 0 1473 4236; x_wconf 95' lang='lat' dir='ltr'> </span> 
     </span>
    </p>
   </div>
  </div>
 </body>
</html>
