2926 4232
633 313 754 362 vanno
1203 304 1243 383 65

251 469 366 552 inquit,
386 470 564 533 ‘conuiuas
580 490 642 534 nec
658 480 768 533 mutos
789 470 901 552 legere
923 481 1063 552 oportet,
1081 471 1159 554 quia
1182 472 1245 535 elo-

250 574 387 656 quentia
402 574 436 636 in
453 575 526 638 foro
543 584 577 637 et
596 584 677 656 aput
698 574 864 649 subsellia,
883 574 1049 637 silentium
1074 595 1153 638 uero
1177 596 1244 639 non

251 677 284 739 in
308 677 462 740 conuiuio
487 688 538 741 set
564 677 598 740 in
626 677 778 741 cubiculo
805 698 879 740 esse
907 678 1027 742 debet’
1074 699 1245 742 sermones

184 808 216 842 ιο
251 780 351 862 igitur
367 781 400 843 id
419 781 579 862 temporis
601 781 773 843 habendos
794 791 909 844 censet
930 802 997 844 non
1021 803 1124 863 super
1145 783 1244 846 rebus

251 885 356 948 anxiis
379 895 436 948 aut
459 884 625 960 tortuosis
651 885 710 948 sed
738 885 900 948 iucundos
928 895 1028 967 atque
1056 885 1244 950 inuitabiles

251 998 285 1051 et
301 1009 376 1051 cum
392 989 536 1070 quadam
553 988 721 1051 inlecebra
741 998 775 1051 et
796 989 968 1071 voluptate
991 989 1096 1064 utiles,
1114 1011 1154 1052 ex
1177 990 1245 1073 qui·

251 1092 313 1154 bus
336 1093 506 1173 ingenium
531 1102 680 1156 nostrum
708 1091 882 1155 uenustius
910 1093 967 1155 frat
997 1103 1031 1156 et
1062 1094 1242 1156 amoenius.

253 1197 359 1278 ‘quod
377 1197 549 1278 proiecto,'
567 1195 684 1278 inquit,
699 1196 857 1271 ‘eueniet
872 1196 899 1259 si
915 1197 957 1259 de
973 1197 1006 1259 id
1022 1217 1129 1279 genus
1145 1197 1244 1260 rebus

185 1325 216 1379 ις
252 1301 294 1362 ad
318 1320 529 1363 communem
553 1300 640 1363 uitae
664 1321 761 1363 usum
785 1300 1028 1382 pertinentibus
1055 1301 1244 1364 confabule-

252 1425 333 1478 mur,
351 1404 528 1486 dequibus
549 1403 582 1466 in
599 1405 672 1467 foro
688 1414 788 1487 atque
808 1404 841 1466 in
866 1405 1008 1485 negotiis
1031 1404 1153 1486 agendi
1177 1426 1244 1468 non
1271 1465 1279 1474 ,

252 1518 303 1570 est
319 1509 442 1571 otium’
491 1505 679 1571 ‘dominum
703 1509 834 1583 autem,'
852 1508 968 1590 inquit,
988 1509 1149 1571 ‘conuiuii
1169 1529 1244 1572 esse

245 1622 383 1693 oportet
401 1633 468 1674 non
487 1622 555 1674 tam
575 1612 712 1687 lautum,
730 1633 830 1694 quam
853 1612 924 1675 sine
945 1611 1117 1687 sordibus'
1139 1622 1172 1675 et
1193 1613 1244 1675 ‘in

251 1715 405 1778 conuiuio
421 1716 488 1797 legi
509 1737 575 1778 non
597 1715 709 1778 omnia
730 1715 861 1791 debent,
880 1716 939 1778 sed
961 1735 1000 1778 ea
1024 1715 1243 1797 potissimum,

185 1847 217 1897 30
252 1840 337 1901 quae
354 1819 451 1882 simul
468 1820 534 1882 sint
549 1818 701 1900 βιωφελῆ
718 1829 751 1882 et
767 1820 954 1882 delectent!

295 1943 404 2005 neque
425 1944 491 1986 non
514 1924 556 1986 de
579 1923 734 1986 secundis
756 1944 888 2005 quoque
912 1924 1036 1986 mensis
1060 1925 1244 1988 cuiusmodi

252 2046 325 2090 esse
342 2047 398 2090 eas
414 2037 574 2108 oporteat,
593 2027 762 2108 praecipit.
811 2027 862 2089 his
879 2027 967 2090 enim
990 2028 1100 2090 uerbis
1122 2029 1242 2091 utitur:

176 2120 178 2126 ¹
253 2131 427 2206 ‘bellaria’
445 2130 560 2212 inquit,
580 2136 638 2193 ‘ea
654 2131 795 2193 maxime
812 2139 889 2193 sunt
911 2130 1044 2205 mellita,
1063 2151 1148 2212 quae
1168 2133 1244 2195 mel-

252 2235 310 2298 lita
333 2255 400 2298 non
428 2244 526 2297 sunt:
557 2229 728 2310 πέμμασιν
753 2234 842 2296 enim
869 2255 944 2298 cum
972 2230 1075 2317 πέψει
1102 2236 1243 2298 societas

184 2364 215 2418 35
251 2338 371 2401 infida!

294 2443 383 2524 quod
410 2444 519 2507 Varro
546 2443 667 2506 hocin
695 2443 768 2506 loco
795 2443 876 2506 dixit
900 2442 1074 2518 ‘bellaria’
1099 2464 1141 2506 ne
1169 2444 1242 2525 quis

249 2547 336 2608 forte
360 2547 393 2608 in
417 2547 481 2609 ista
503 2567 585 2610 voce
613 2547 758 2622 haereat,
784 2547 949 2628 significat
980 2547 1013 2609 id
1044 2547 1241 2610 uocabulum

249 2670 347 2713 omne
364 2670 500 2714 mensae
517 2651 683 2713 secundae
700 2671 816 2731 genus.
856 2672 934 2713 nam
952 2671 1037 2732 quae
1052 2646 1240 2726 ‘rrc'ppara’

249 2754 368 2818 Graeci
391 2764 447 2816 aut
473 2750 702 2834 ‘rpapdpora'
727 2754 889 2830 dixerunt,
915 2775 955 2817 ea
980 2765 1111 2816 ueteres
1137 2755 1242 2817 nostri

182 2885 214 2932 40
250 2856 421 2920 ‘bellaria'
447 2859 709 2940 appellaverunt.
757 2859 836 2920 uina
859 2878 990 2940 quoque
1018 2858 1164 2920 dulciora
1191 2868 1242 2921 est

248 2961 397 3024 inuenire
421 2961 454 3023 in
475 2962 654 3025 comoediis
677 2963 918 3044 antiquioribus
942 2963 1005 3024 hoc
1028 2961 1161 3024 nomine
1186 2983 1241 3043 ap-

247 3065 371 3147 pellata
387 3065 542 3149 dictaque
559 3086 632 3129 esse
649 3086 688 3128 ea
706 3066 839 3128 ‘Liberi
854 3064 1011 3129 bellaria’

995 3167 1067 3220 Gell.
1082 3168 1162 3219 XIII.
1181 3167 1236 3236 11.]

581 3324 668 3371 ΟΝΟΣ
693 3325 798 3372 nrm

319 3431 373 3485 Tire
386 3421 586 3500 inrutoteacler,
600 3435 765 3496 Pitonoscus,
779 3451 930 3487 announces
943 3434 1056 3502 himself.

139 3568 212 3630 137.
248 3550 440 3616 Phondscus
456 3553 583 3627 adsum,
602 3552 692 3615 udcis
710 3552 958 3628 suscitabulum,

245 3655 517 3738 cantantiumque
534 3655 641 3738 grillus
657 3655 869 3737 gallinaceus.

268 3783 343 3820 sanc.
356 3783 411 3819 snr.
418 3784 473 3836 -5

1035 3699 1109 3748 Non.
1126 3696 1181 3760 176.
1196 3710 1237 3762 29.
