2934 4236
179 245 238 309 106
438 253 648 301 rnncuaurs
671 252 716 302 or
740 251 865 300 nounu
889 253 1014 300 snmus

226 409 346 474 imitari
369 419 402 472 et
425 408 565 471 subinde
589 407 758 470 dominum
784 428 879 470 suum
897 408 1075 489 sponsione
1093 429 1287 490 prouocare

229 514 274 576 ‘si
290 513 443 596 prasinus
460 512 617 594 proximis
633 511 835 574 circensibus
852 512 992 593 primam
1010 512 1176 593 palmam’

271 635 325 695 71.
351 617 493 680 diffusus
506 616 568 678 hac
581 615 794 678 contentione
807 615 1007 678 Trimalchio
1022 615 1155 678 ‘amici’
1170 616 1286 698 inquit

228 729 280 786 ‘et
303 721 390 784 serui
414 719 565 782 homines
589 728 715 781 suntet
732 739 837 800 aeque
857 738 960 781 unum
977 720 1095 793 lactem
1112 719 1283 796 biberunt,

190 856 204 903 5
227 825 326 890 etiam
351 825 378 887 si
401 823 473 887 illos
497 824 604 885 malus
628 824 718 885 tatus
742 822 916 904 oppressit.
963 833 1076 886 tamen
1105 845 1159 886 me
1185 825 1283 888 saluo

228 930 292 994 cito
323 949 443 1011 aquam
474 928 611 990 liberam
643 927 834 1008 gustabunt.
882 927 924 990 ad
955 947 1128 1003 summam,
1162 949 1284 991 omnes

227 1033 301 1096 illos
324 1033 357 1094 in
381 1041 582 1095 testamento
604 1051 678 1094 meo
695 1050 797 1093 manu
813 1030 916 1094 mitto.
966 1031 1161 1116 Philargyro
1178 1033 1282 1095 etiam

228 1137 371 1200 fundum
398 1137 474 1217 lego
498 1146 531 1198 et
555 1134 827 1198 contubernalem
854 1155 957 1210 suam,
983 1135 1117 1200 Carioni
1144 1158 1283 1219 quoque

228 1241 370 1304 insulam
386 1250 419 1302 et
435 1239 625 1303 uicesimam
642 1248 676 1301 et
691 1238 813 1301 lectum
829 1248 978 1302 stratum.
1025 1261 1101 1303 nam
1118 1242 1284 1305 Fortuna-

178 1374 206 1407 ιο
229 1355 297 1408 tam
321 1365 429 1407 meam
454 1344 610 1406 heredem
634 1342 731 1418 lacio,
748 1351 782 1406 et
800 1344 997 1406 commendo
1018 1343 1106 1406 illam
1124 1345 1284 1408 omnibus

229 1447 343 1512 amicis
359 1448 450 1510 meis.
491 1457 525 1510 et
541 1447 623 1510 haec
640 1446 714 1509 ideo
731 1446 842 1509 omnia
858 1447 1000 1528 publico,
1014 1458 1050 1510 ut
1066 1449 1194 1512 familia
1207 1470 1284 1512 mea

229 1554 294 1616 iam
325 1573 414 1615 nunc
446 1551 504 1614 sic·
523 1571 577 1614 me
608 1560 697 1614 amet
726 1561 886 1632 tanquam
919 1533 1107 1614 mortuum.³
1153 1554 1283 1634 gratias

230 1677 329 1738 agere
357 1676 473 1720 omnes
500 1655 727 1737 indulgentiae
754 1665 935 1737 coeperant
962 1656 1094 1729 domini,
1121 1677 1198 1720 cum
1227 1658 1283 1720 ille

230 1762 351 1824 oblitus
378 1779 542 1840 nugarum
569 1760 738 1840 exemplar
762 1759 953 1822 testamenti
980 1759 1074 1822 iussit
1103 1761 1217 1823 afferri
1249 1772 1283 1824 et

180 1893 206 1940 ις
229 1877 336 1930 totum
360 1886 379 1928 a
403 1865 509 1947 primo
531 1864 573 1927 ad
594 1863 745 1926 ultimum
762 1863 1009 1943 ingemescente
1025 1864 1151 1926 familia
1167 1865 1284 1928 recita-

231 1970 286 2033 uit.
334 1969 516 2051 respiciens
543 1967 663 2030 deinde
697 1966 890 2029 Habinnam
919 1968 1016 2048 ‘quid
1045 1968 1144 2031 dicis’
1174 1970 1282 2052 inquit

232 2074 355 2137 ‘amice
379 2073 570 2136 carissime?
599 2071 753 2134 aedificas
778 2081 1030 2134 monumentum
1056 2092 1176 2148 meum,
1205 2095 1282 2155 que-

232 2178 445 2241 madmodum
468 2187 502 2240 te
525 2176 627 2239 iussi?
652 2175 749 2238 ualde
765 2184 798 2237 te
814 2195 904 2256 rogo,
923 2185 959 2236 ut
976 2176 1159 2238 secundum
1176 2178 1282 2258 pedes

231 2292 360 2345 statuae
382 2301 476 2344 meae
497 2281 650 2344 catellam
672 2299 779 2361 ponas
798 2289 831 2341 et
852 2299 991 2342 coronas
1008 2289 1041 2341 et
1057 2291 1229 2360 unguenta
1249 2292 1283 2344 et

179 2415 208 2446 ω
233 2385 385 2448 Petraitis
408 2404 523 2447 omnes
548 2403 689 2465 pugnas,
706 2393 743 2446 ut
763 2382 842 2444 mihi
858 2383 1029 2464 contingat
1044 2393 1102 2446 tuo
1117 2383 1281 2448 beneficio

232 2499 308 2572 post
331 2498 471 2551 mortem
495 2488 625 2562 uiuere;
655 2497 827 2568 praeterea
850 2496 886 2549 ut
910 2486 975 2550 sint
996 2487 1030 2549 in
1049 2488 1160 2551 fronte
1176 2490 1282 2570 pedes

232 2604 374 2668 centum,
401 2593 435 2655 in
463 2612 580 2673 agrum
608 2592 711 2672 pedes
739 2590 881 2654 ducenti.
930 2611 1028 2654 omne
1056 2612 1164 2672 genus
1191 2593 1281 2654 enim

233 2719 331 2780 poma
354 2697 430 2760 uolo
447 2695 512 2758 sint
528 2695 615 2759 circa
631 2695 759 2757 cineres
776 2715 876 2770 meos,
895 2705 928 2757 et
944 2695 1117 2758 uinearum
1133 2696 1280 2777 largiter.

232 2802 330 2864 ualde
354 2801 442 2863 enim
466 2800 589 2862 falsum
613 2808 663 2861 est
687 2798 764 2861 uiuo
785 2798 919 2880 quidem
938 2798 1055 2862 domos
1072 2799 1178 2861 cultas
1196 2821 1281 2876 esse,

181 2933 208 2978 25
232 2926 299 2968 non
328 2904 435 2967 curari
460 2924 525 2978 eas,
543 2902 600 2965 ubi
627 2902 748 2965 diutius
776 2901 871 2964 nobis
899 2901 1116 2965 habitandum
1142 2913 1200 2966 est.
1249 2915 1282 2966 et

233 3009 306 3071 ideo
319 3019 395 3070 ante
409 3009 520 3078 omnia
533 3007 618 3070 adici
634 3007 726 3069 uolo:
748 3007 837 3068 “hoc
853 3015 1106 3069 monumentum
1124 2993 1280 3071 heredem

233 3133 300 3176 non
325 3112 502 3194 sequitur.'’
549 3121 694 3174 ceterum
719 3109 780 3172 erit
801 3109 882 3171 mihi
903 3129 1011 3183 curae,
1029 3120 1065 3172 ut
1081 3120 1282 3175 testamento

233 3236 380 3292 caueam,
412 3237 454 3278 ne
487 3225 637 3277 mortuus
671 3214 823 3276 iniuriam
857 3213 1028 3293 accipiam.
1075 3235 1282 3296 praeponam

234 3321 322 3382 enim
353 3338 455 3382 unum
479 3340 519 3381 ex
542 3317 666 3380 libertis
692 3317 844 3398 sepulcro
871 3338 946 3380 meo
973 3318 1142 3381 custodiae
1170 3340 1280 3395 causa,

181 3453 210 3498 30
233 3445 276 3487 ne
307 3424 340 3486 in
371 3431 622 3485 monumentum
655 3441 765 3483 meum
798 3421 942 3502 populus
977 3431 1128 3484 cacatum
1161 3436 1280 3485 currat.

234 3537 267 3592 te
290 3547 380 3606 rog0,
398 3536 435 3587 ut
453 3545 558 3586 naues
577 3525 676 3586 etiam
875 3525 1081 3586 monumenti
1097 3526 1161 3587 mei
1177 3527 1283 3589 facias

235 3628 342 3709 plenis
365 3627 447 3689 uelis
471 3635 598 3699 euntes,
622 3635 656 3686 et
679 3645 731 3687 me
754 3626 787 3687 in
811 3626 968 3687 tribunali
992 3627 1162 3722 sedentem
1191 3649 1283 3710 prae·
