2926 4232
196 305 236 372 74
458 301 667 351 FRAGMENTS
690 302 735 352 OF
758 302 884 351 ROMAN
908 303 1033 352 SATIRE

195 456 256 510 ‘No
274 456 325 508 law
343 455 366 508 is
384 471 438 523 any
456 455 549 524 lonyer
567 454 661 522 obeyed
682 471 743 506 saue
762 455 823 523 only
841 455 891 508 titis
908 473 964 519 one,
978 457 1033 509 that
1052 457 1159 527 nothiny
1179 457 1201 510 is
1218 459 1296 527 qiven

642 540 692 610 for
710 543 837 611 nothinyl

197 668 270 731 193.
304 649 393 732 quod
410 649 503 729 leges
519 668 608 711 nunc
624 668 691 711 non
708 649 844 726 iaciunt,
864 643 934 714 ‘tte
950 645 1007 710 καὶ
1022 647 1116 725 λαβέ
1122 653 1128 674 ’
1146 652 1248 714 seruit

347 752 491 816 omnino.
862 835 870 862 Ι
1082 783 1157 834 Non.
1173 796 1234 850 502,
1249 798 1294 850 33·

196 929 260 981 ‘Ati
273 929 443 981 virtuositate
456 927 583 979 vanisied
589 945 600 991 ;
620 927 647 978 in
661 928 727 980 their
738 929 814 981 steod
826 929 866 981 the
879 930 1023 982 awakened
1035 949 1096 983 mun
1110 932 1132 983 is
1144 932 1248 984 solutori
1265 933 1297 1000 ty

417 1015 531 1083 impiety,
542 1014 654 1083 perfidis,
669 1015 802 1079 iewdness,
816 1033 846 1068 os
860 1034 915 1068 new
927 1017 1069 1070 rienizens!

198 1142 271 1203 194.
347 1122 381 1184 in
405 1143 552 1205 ,quarum
582 1123 691 1185 locum
723 1123 896 1188 subierunt
922 1123 1103 1206 inquilinae
1129 1123 1296 1206 impietas,

304 1227 450 1309 perfidia,
471 1226 685 1308 impudicitia.
1083 1257 1158 1309 Non¹
1172 1269 1234 1323 403·
1250 1255 1296 1308 25,

198 1401 271 1466 195.
304 1404 385 1465 ergo
400 1393 471 1446 tum
489 1385 618 1446 Romae
635 1361 738 1467 parce
751 1404 900 1467 pureque
916 1385 1074 1466 pudentis

347 1487 458 1550 uixere
473 1487 507 1549 in
523 1488 649 1570 patria;
674 1498 709 1551 at
724 1509 812 1552 nunc
829 1509 944 1551 sumus
961 1489 994 1551 in
1011 1489 1139 1552 rutuba.

1101 1589 1176 1640 Non.
1195 1585 1253 1652 167.
1269 1600 1296 1652 7.

196 1690 227 1716 “‘
237 1683 305 1736 Aias
317 1683 367 1753 for
386 1685 448 1746 thee,
462 1683 584 1747 Morcus,
600 1684 658 1736 witi
673 1685 737 1738 such
751 1701 767 1736 o
780 1685 857 1753 simp,
871 1685 925 1736 and
943 1685 1006 1737 socii
1024 1685 1256 1754 ainowaiceninyi
1265 1687 1296 1708 '⁹'

198 1793 271 1870 196.
305 1811 324 1853 o
341 1788 442 1852 stitlta
458 1789 562 1852 nostri
578 1790 720 1872 pectoris
737 1789 890 1854 dormitio

305 1892 489 1974 uigiltbilis,
507 1913 592 1975 quae
609 1894 661 1956 me
677 1894 825 1974 puellum
841 1892 1048 1976 impuberem

304 1995 440 2078 cepisti!
788 2095 789 2098 Ἴ
954 2026 1028 2078 Non.
1047 2025 1170 2093 158.13;
1193 2039 1252 2076 100.
1271 2040 1294 2077 1.

196 2184 269 2237 ‘Tite
286 2185 373 2237 sicetcii
391 2185 523 2237 resembles
542 2186 581 2237 tie
598 2185 779 2238 Catilinuriun
798 2186 885 2254 epocii,
899 2186 996 2253 shortly
1014 2185 1083 2254 oster
1101 2186 1182 2238 witich
1204 2187 1296 2255 (about

304 2273 379 2339 697)
396 2273 493 2324 theold
508 2289 569 2323 man
585 2273 731 2324 mustitano
748 2272 848 2324 written
862 2273 900 2336 it‚·
918 2274 974 2324 ant
992 2273 1061 2324 there
1080 2274 1125 2340 lay
1143 2290 1159 2325 a
1179 2274 1247 2324 trust
1269 2275 1296 2324 in

302 2361 341 2411 tte
360 2360 434 2411 bitter
451 2367 513 2410 turn
531 2367 558 2411 ot
576 2360 616 2410 tte
635 2359 710 2418 close,
725 2360 807 2410 wilere
825 2359 948 2422 Morcus,
963 2361 1091 2428 properly
1109 2361 1234 2428 reproueri
1244 2360 1297 2428 fur

302 2446 342 2499 tis
359 2447 546 2498 onseosonoble
562 2446 727 2498 accusationi
747 2447 801 2497 omi
820 2446 991 2515 antiquarios
1010 2445 1216 2510 reminisce'nces,
1230 2446 1297 2497 is·-

302 2533 362 2585 witi
376 2551 393 2584 o
410 2534 483 2584 mocio
500 2533 661 2600 application
676 2533 710 2602 of
723 2550 739 2584 o
755 2533 887 2600 primitive
906 2533 1009 2585 Roman
1029 2535 1296 2602 castani-drawn!

302 2637 333 2672 as
353 2638 368 2672 o
391 2621 487 2672 useless
507 2621 551 2672 oid
572 2637 634 2671 mon
656 2629 680 2672 to
702 2620 742 2671 tte
764 2620 855 2688 bridqe
877 2621 932 2672 omi
953 2621 1051 2672 tirowu
1070 2621 1124 2672 into
1143 2621 1183 2672 tie
1207 2620 1294 2672 Tiber.

307 2707 390 2760 There
409 2725 461 2760 was
480 2707 608 2775 certainly
626 2725 659 2759 no
678 2707 769 2776 ionqer
786 2707 919 2776 roomfor
936 2708 999 2759 suci
1019 2725 1076 2758 men
1096 2707 1125 2758 in
1145 2707 1243 2760 Rome)

198 2834 271 2899 197.
349 2818 500 2900 ‘pergis'
524 2817 639 2900 inquit,
664 2819 808 2893 ‘Marce
832 2838 989 2881 accusare
1012 2839 1093 2880 nos:
1119 2817 1295 2881 ruminatis

304 2921 537 3004 antiquitates)
1091 2950 1164 3002 Non,
1178 2949 1237 3013 430¹
1252 2963 1294 3016 23,

197 3081 270 3159 198.
305 3078 439 3141 senibus
456 3079 585 3154 crassis
604 3079 737 3154 homuii,
755 3099 822 3142 non
839 3079 982 3142 uidimus
998 3079 1077 3162 quid
1094 3080 1173 3142 fiat?

1109 3184 1182 3235 Non.
1196 3181 1237 3233 86.
1252 3195 1294 3246 24.

198 3299 270 3359 199.
304 3277 401 3341 acciti
418 3298 532 3340 sumus
548 3287 584 3340 ut
601 3278 876 3360 depontaremur;
901 3299 1049 3340 murmur
1065 3279 1100 3341 fit
1117 3279 1217 3340 ierus

1090 3381 1164 3432 Non.
1179 3393 1237 3444 214.
1255 3393 1294 3431 12.

196 3495 270 3543 200.
349 3477 421 3539 ‘uix
437 3478 567 3540 ecfatus
584 3478 671 3540 erat'
689 3497 765 3540 eum
782 3497 874 3560 more
890 3476 1051 3538 maiorum
1069 3477 1154 3539 ultro

303 3600 459 3643 casnares
475 3580 646 3661 arripiunt,
665 3580 706 3642 de
722 3588 824 3673 ponte
840 3579 874 3641 in
890 3579 1037 3642 Tiberim
1054 3579 1240 3642 deturbant.
1273 3617 1276 3656 3

1109 3682 1135 3733 N
1138 3697 1183 3734 on.
1196 3679 1238 3732 so
1252 3694 1294 3732 20.
