2934 4236
185 291 229 372 96
449 299 660 350 FRAGMEN'I'S
682 299 728 350 OF
750 299 877 350 ROMAN
900 299 1026 349 SA‘l'IRE

238 459 339 523 nauit.
387 458 429 522 ad
445 477 620 532 summam,
637 478 753 522 omnes
774 467 891 541 postea
914 459 997 522 secti
1019 468 1114 536 sunt;
1139 459 1224 523 adeo
1247 459 1289 522 de

239 583 363 644 magna
374 562 473 626 turba
486 568 504 594 “
515 562 670 626 adhibete
681 559 698 588 '’
713 571 922 645 acceperant,
937 562 1035 645 plane
1051 564 1154 644 fugae
1167 579 1288 626 merae.

240 673 390 730 “munus
406 676 518 730 tamen
530 667 547 691 ’¹
566 666 673 749 inquit
691 666 780 730 “tibi
798 667 924 730 dedi’':
952 677 986 730 et
1009 687 1072 748 ego
1095 667 1156 730 tibi
1178 667 1288 749 plodo.

239 780 404 853 computa,
421 780 455 834 et
473 770 533 834 tibi
551 769 627 852 plus
651 770 694 834 do
717 791 818 853 quam
840 771 963 853 accepi.
1011 791 1130 834 manus
1153 791 1290 833 manum

201 904 215 950 5
239 875 337 936 lauat.
405 877 460 952 46.
490 874 612 937 uideris
635 873 725 950 mihi,
750 875 996 956 Agamemnon,
1022 874 1151 938 dicere:
1181 875 1291 958 “quid

238 978 301 1042 iste
317 987 450 1060 argutat
466 979 625 1040 molestus
636 979 648 1040 ?
659 979 677 1003 '’
720 978 798 1061 quia
812 989 858 1054 tu,
876 979 933 1062 qui
949 989 1045 1061 potes
1065 975 1204 1064 [loqui],
1222 995 1303 1041 non

238 1082 383 1164 loquere.
431 1101 497 1145 non
525 1101 561 1144 es
589 1092 721 1145 nostrae
748 1082 884 1158 fasciae,
908 1092 942 1146 et
965 1083 1040 1146 ideo
1065 1102 1291 1165 pauperorum

239 1186 342 1249 uerba
372 1185 512 1249 derides.
570 1186 693 1249 scimus
723 1196 756 1250 te
787 1206 867 1268 prae
898 1187 1010 1250 literas
1040 1187 1171 1250 fatuum
1204 1207 1289 1250 esse.

239 1289 318 1372 quid
337 1310 417 1371 ergo
439 1291 511 1353 est?
557 1289 667 1373 aliqua
684 1290 737 1354 die
759 1300 793 1354 te
817 1291 1039 1372 persuadeam
1057 1301 1094 1354 ut
1112 1291 1155 1353 ad
1176 1291 1291 1353 uillam

190 1425 217 1457 ιο
239 1393 355 1456 uenias
385 1403 418 1456 et
448 1394 564 1458 uideas
594 1395 724 1458 casulas
750 1395 905 1458 nostras?
960 1394 1169 1458 inueniemus
1200 1395 1291 1476 quod

239 1497 488 1574 manducemus,
513 1498 649 1580 pullum,
674 1519 757 1562 oua:
787 1498 874 1561 belle
901 1498 971 1574 erit,
996 1498 1096 1562 etiam
1124 1499 1152 1561 si
1178 1499 1292 1562 omnia

240 1601 302 1665 boc
325 1621 413 1665 anno
431 1611 615 1683 tempestas
637 1602 770 1685 dispare
794 1603 950 1685 pallauit:
978 1602 1186 1666 inueniemus
1209 1623 1291 1684 ergo

239 1705 328 1769 unde
352 1705 455 1769 saturi
471 1707 597 1769 fiamus.
643 1717 677 1770 et
693 1707 758 1769 iarn
775 1707 835 1770 tibi
850 1707 1032 1790 discipulus
1048 1707 1167 1770 crescit
1182 1707 1292 1770 cicaro

240 1830 342 1872 meus.
390 1810 455 1873 iam
475 1820 630 1892 quattuor
646 1811 750 1893 partis
768 1811 865 1887 dicit;
890 1810 918 1874 si
941 1810 1067 1886 uixerit,
1086 1810 1225 1894 habebis
1249 1811 1292 1874 ad

190 1941 216 1988 ις
240 1914 327 1977 latus
344 1914 521 1977 seruulum.
570 1935 647 1977 nam
661 1915 816 1998 quicquid
829 1915 875 1978 illi
887 1925 994 1991 uacat,
1008 1919 1110 1998 caput
1122 1915 1163 1979 de
1175 1915 1292 1978 tabula

241 2038 307 2080 non
323 2019 417 2082 tollit.
463 2018 657 2101 ingeniosus
673 2029 724 2082 est
740 2029 774 2082 et
788 2020 876 2083 bono
897 2021 961 2096 filo,
978 2019 1078 2084 etiam
1102 2019 1130 2082 si
1152 2019 1186 2082 in
1209 2039 1292 2082 aues

240 2122 413 2185 morbosus
430 2133 488 2186 est.
536 2143 600 2205 ego
621 2123 666 2186 illi
684 2123 750 2186 iam
773 2133 841 2188 tres
865 2124 1013 2187 cardeles
1037 2123 1150 2199 occidi,
1168 2133 1202 2204 et
1224 2122 1293 2186 dixi

241 2227 330 2309 quod
347 2227 501 2290 mustella
521 2227 673 2290 comedit.
720 2227 849 2291 inuenit
871 2237 984 2291 tamen
1009 2227 1090 2290 alias
1113 2227 1239 2302 nenias,
1258 2236 1293 2290 et

241 2330 457 2394 libentissime
475 2331 590 2412 pingit.
638 2339 785 2394 ceterum
807 2331 872 2394 iam
891 2331 1063 2396 Graeculis
1085 2331 1210 2394 calcem
1234 2331 1293 2394 im·

190 2464 218 2496 ω
242 2434 349 2516 pingit
374 2445 407 2498 et
436 2435 573 2498 Latinas
599 2435 708 2516 coepit
735 2456 802 2498 non
828 2435 914 2498 male
941 2445 1110 2518 appetere,
1135 2435 1236 2498 etiam
1264 2435 1293 2497 si

242 2539 400 2620 magister
416 2538 486 2601 eius
503 2539 564 2601 sibi
581 2540 718 2620 placens
734 2540 770 2602 fit
786 2559 848 2603 nec
868 2560 934 2602 uno
958 2541 1030 2602 loco
1054 2539 1213 2615 consistit,
1231 2539 1292 2602 sed

241 2643 342 2718 uenit,
364 2644 439 2706 dem
459 2642 579 2718 literaS,
603 2643 661 2705 sed
685 2663 752 2706 non
776 2643 848 2706 uult
871 2642 1031 2707 laborare.
1077 2652 1128 2706 est
1151 2652 1185 2706 et
1208 2643 1293 2706 alter

241 2767 309 2810 non
333 2747 466 2829 quidem
490 2748 615 2822 doctus,
633 2748 692 2810 sed
715 2747 873 2823 curiosus,
891 2747 948 2830 qui
971 2747 1047 2830 plus
1070 2747 1167 2810 docet
1190 2767 1291 2829 quam

243 2851 312 2914 scit.
359 2851 471 2933 itaque
488 2850 615 2914 feriatis
632 2851 749 2913 diebus
766 2851 850 2915 solet
866 2851 1000 2914 domum
1017 2851 1140 2926 uenire,
1154 2860 1187 2913 et
1204 2851 1293 2933 quic·

190 2983 218 3029 ας
242 2955 321 3036 quid
343 2954 483 3030 dederis
501 2964 679 3018 contentus
699 2964 758 3017 est.
806 2953 871 3017 emi
894 2975 974 3036 ergo
997 2975 1086 3018 nunc
1110 2974 1213 3036 puero
1237 2954 1293 3017 ali-

243 3068 322 3140 quot
355 3058 437 3121 libra
464 3058 638 3134 rubricata,
667 3058 744 3141 quia
769 3058 845 3122 uolo
873 3058 963 3121 illum
992 3059 1033 3121 ad
1061 3057 1291 3121 domusionem

158 3217 161 3227 .
242 3161 366 3244 aliquid
383 3163 425 3224 de
444 3162 514 3224 iure
536 3171 678 3244 gustare.
727 3162 828 3225 habet
851 3164 934 3226 haec
958 3182 1011 3225 res
1035 3181 1165 3244 panem.
1213 3182 1291 3224 nam

242 3266 345 3329 literis
363 3266 443 3328 satis
462 3265 655 3348 inquinatus
679 3276 737 3328 est.
785 3267 874 3348 quod
898 3266 925 3328 si
948 3265 1109 3341 resilierit,
1126 3265 1293 3329 destinaui

242 3369 334 3432 illum
362 3370 488 3432 artificii
516 3371 643 3446 docere,
672 3379 729 3432 aut
756 3369 1061 3462 tonstreinumnaut
1092 3389 1291 3451 praeconem
1351 3439 1354 3446 ,
1463 3425 1464 3448 ,

189 3501 218 3548 30
242 3483 299 3536 aut
323 3483 411 3537 certe
436 3473 648 3548 causidicum,
672 3474 760 3557 quod
784 3473 830 3535 illi
853 3475 983 3537 auferre
1007 3495 1074 3536 non
1100 3473 1205 3555 possit
1228 3472 1293 3536 nisi

243 3577 360 3640 Orcus
407 3577 482 3638 ideo
498 3576 544 3637 illi
560 3576 679 3638 cotidie
696 3577 822 3639 clamo:
849 3582 867 3608 “
882 3577 1068 3657 Primigeni
1086 3577 1184 3640 crede
1200 3575 1289 3652 mihi,

243 3678 398 3759 quicquid
423 3678 531 3751 discis,
556 3678 616 3738 tibi
640 3678 748 3740 discis.
801 3679 895 3742 uides
920 3679 1128 3742 Phileronem
1154 3679 1291 3744 causidi-
