2934 4236
545 289 738 338 PETRONIVS
761 289 914 338 ARBITER
1220 293 1276 360 105

229 467 284 509 me
307 447 383 529 plus
406 447 516 508 amat!
563 445 755 526 indignatus
780 465 871 527 puer,
897 446 987 528 quod
1011 446 1186 530 Scylacem
1210 455 1277 526 tam

229 550 338 614 effuse
354 551 514 625 laudaret,
532 549 684 612 catellam
701 549 735 612 in
751 559 873 612 terram
889 549 1043 631 deposuit
1062 551 1278 633 hortatusque

229 661 284 730 eet,
317 664 355 716 ut
384 655 426 716 ad
457 653 559 716 rixam
591 663 795 735 properaret.
843 653 972 737 Scylax,
1004 653 1124 717 canino
1155 653 1279 718 scilicet

230 779 310 821 usus
326 758 470 840 ingenio,
487 757 678 821 taeterrimo
694 758 814 820 latratu
831 757 1008 820 triclinium
1025 757 1175 840 impleuit
1193 759 1279 821 Mar·

190 893 205 939 5
230 863 438 944 garitamque
467 861 583 926 Croesi
614 881 721 943 paene
752 861 919 924 lacerauit.
967 881 1028 924 nec
1059 861 1145 924 intra
1175 861 1277 924 rixam

229 967 391 1029 tumultus
414 965 571 1040 constitit,
596 965 655 1028 sed
680 965 916 1028 candelabrum
941 965 1041 1028 etiam
1067 985 1167 1047 super
1190 986 1279 1028 men-

230 1091 301 1132 sam
325 1090 478 1133 euersum
506 1079 539 1132 et
567 1089 648 1132 uasa
676 1069 787 1132 omnia
812 1069 1004 1154 crystallina
1028 1069 1221 1132 comminuit
1245 1079 1279 1132 et

229 1175 303 1237 oleo
320 1173 465 1236 feruenti
481 1173 606 1256 aliquot
621 1173 781 1236 conuiuas
797 1173 963 1254 respersit.
1011 1173 1213 1236 Trimalchio
1237 1193 1278 1236 ne

229 1278 398 1340 uideretur
414 1279 540 1340 iactura
561 1287 679 1350 motus,
697 1276 839 1340 basiauit
856 1297 995 1358 puerum
1012 1297 1051 1339 ac
1068 1277 1162 1339 iussit
1178 1297 1279 1358 super

176 1411 206 1444 ιο
229 1382 364 1445 dorsum
395 1381 577 1444 ascendere
608 1402 714 1444 suum.
761 1402 828 1444 non
860 1391 1007 1444 moratus
1038 1381 1092 1444 ille
1122 1402 1202 1444 usus
1232 1389 1279 1442 est

229 1505 316 1568 equo
339 1505 508 1568 manuque
531 1486 632 1568 plena
655 1485 809 1567 scapulas
833 1485 904 1548 eius
923 1485 1062 1548 subinde
1079 1485 1276 1558 uerberauit,

229 1589 382 1672 interque
405 1590 506 1653 risum
531 1589 767 1671 proclamauit:
801 1589 932 1664 ‘bucca,
957 1589 1071 1662 bucca,
1096 1600 1177 1671 quot
1201 1600 1279 1652 sunt

230 1693 322 1756 hic?'
354 1713 526 1776 repressus
549 1713 629 1774 ergo
653 1693 856 1775 aliquamdiu
879 1693 1081 1756 Trimalchio
1104 1694 1277 1756 camellam

229 1798 391 1879 grandem
407 1798 503 1861 iussit
519 1797 649 1862 misceri

177 1932 205 1978 15
229 1902 383 1984 potiones
407 1901 509 1965 diuidi
533 1902 688 1965 omnibus
712 1902 827 1978 seruis,
845 1902 902 1985 qui
924 1903 966 1965 ad
986 1903 1089 1984 pedes
1106 1903 1277 1976 sedebant,

229 2007 359 2069 adiecta
382 2006 597 2089 exceptione:
631 2006 677 2069 ‘si
700 2007 792 2088 quis’
810 1993 916 2090 inquit
933 2007 1093 2070 ‘noluerit
1116 2006 1276 2089 accipere,

229 2120 330 2192 caput
345 2109 391 2173 illi
408 2111 582 2192 perfunde.
630 2110 772 2174 interdiu
789 2131 915 2186 seuera,
933 2132 1022 2174 nunc
1039 2111 1175 2174 hilaria!

180 2349 236 2404 Tae
249 2351 346 2404 dinncr
352 2353 480 2420 proceeds
493 2351 552 2404 with
567 2361 640 2420 preat
655 2352 810 2414 merriment,
824 2352 864 2404 tlte
879 2351 986 2404 nttmher
998 2351 1033 2420 of
1044 2352 1084 2403 tle
1100 2360 1186 2420 poesis
1203 2352 1278 2422 heinp

229 2438 380 2507 reinsorced
399 2439 431 2506 by
450 2439 490 2490 tle
510 2439 644 2508 half-tipsy
664 2439 804 2491 Habinnae
824 2440 879 2490 wlco
899 2439 988 2508 brings
1009 2438 1067 2490 with
1087 2439 1200 2490 limbis
1220 2439 1278 2508 wisi

231 2525 363 2577 Scintilla.
409 2526 485 2577 Enen
505 2527 545 2578 tle
566 2544 661 2579 numen
681 2526 755 2595 begin
770 2526 871 2594 finally
888 2535 913 2578 to
932 2527 1001 2578 sltoto
1020 2526 1061 2577 the
1081 2526 1169 2594 effecto
1189 2525 1223 2595 of
1238 2535 1278 2579 too

229 2612 305 2664 much
315 2612 390 2676 wine,
401 2612 476 2664 while
486 2611 645 2665 Trimalchio
658 2615 764 2665 reaches
776 2614 815 2665 tle
829 2613 945 2664 moudlin
959 2622 1040 2682 scope,
1051 2614 1106 2664 ond
1118 2601 1277 2677 announces,

229 2697 302 2750 omid
315 2698 448 2751 universal
461 2699 583 2770 weepinq,
597 2701 637 2751 tle
650 2708 727 2752 terens
739 2699 774 2768 os
783 2699 823 2751 liis
835 2700 886 2751 lost
899 2700 951 2750 will
964 2701 1019 2751 ond
1032 2708 1177 2750 testament:

262 2818 338 2898 'iam
366 2846 522 2919 coeperat
551 2838 734 2900 Fortunata
762 2837 848 2900 uelle
875 2838 1005 2912 saltare,
1034 2837 1099 2898 iam
1129 2837 1278 2901 Scintilla

229 2939 437 3022 frequentius
454 2941 633 3022 plaudebat
649 2961 749 3023 quam
765 2940 970 3023 loquebatur,
985 2961 1059 3003 cum
1076 2940 1278 3003 Trimalchio

176 3074 205 3104 ω
227 3043 238 3074 '‘
249 3044 422 3126 permitto’
440 3045 547 3128 inquit
564 3045 778 3129 ‘Philargyre
801 3055 834 3107 et
859 3045 965 3119 Cari0,
983 3044 1045 3106 etsi
1069 3044 1278 3125 prasinianus

229 3167 265 3210 es
277 3148 436 3223 famosus,
448 3148 500 3213 dic
513 3159 547 3212 et
561 3149 787 3230 Menophilae,
799 3147 1028 3212 contubernali
1041 3158 1126 3223 tuae,
1139 3148 1278 3211 discum-

228 3249 304 3314 bat.’
351 3252 430 3334 quid
454 3234 581 3315 multa?
613 3273 720 3334 paene
744 3253 784 3315 de
808 3252 902 3316 lectis
918 3252 1037 3314 deiecti
1054 3272 1176 3326 sumus,
1194 3252 1277 3315 adeo

228 3364 334 3418 totum
359 3355 538 3419 triclinium
557 3357 684 3419 familia
700 3367 931 3438 occupauerat.
979 3366 1067 3419 certe
1084 3376 1147 3436 ego
1164 3355 1278 3418 notaui

229 3478 330 3541 super
345 3479 398 3522 me
420 3460 564 3542 positum
580 3481 706 3535 cocum,
724 3461 838 3542 quide
854 3481 956 3540 porco
972 3480 1123 3522 anserem
1141 3461 1276 3534 iecerat,

176 3590 204 3639 25
229 3563 334 3625 muria
364 3563 652 3646 condimentisque
683 3565 853 3627 fetentem.
913 3584 975 3627 nec
1006 3573 1183 3627 contentus
1214 3563 1278 3625 fuit

229 3666 431 3742 recumbere,
457 3667 517 3731 sed
547 3667 705 3731 continuo
738 3669 910 3751 Ephesum
941 3669 1136 3750 tragoedum
1168 3669 1277 3748 coepit
