2934 4236
537 338 731 388 meoxrvs
754 337 908 386 xnnnux
1230 341 1271 407 95

221 497 299 560 lare.
346 505 381 562 et
396 515 474 560 ecce
491 495 635 558 habituri
651 515 765 558 sumus
782 515 903 558 munus
919 495 1101 559 excellente
1117 496 1151 558 in
1163 496 1273 560 triduo

222 599 276 663 die
292 600 398 676 festa3
422 599 550 662 familia
566 620 633 662 non
650 599 822 673 lanisticia,
841 598 899 662 sed
919 599 1052 680 plurimi
1075 599 1192 664 liberti.
1239 611 1273 663 et

222 704 319 768 Titus
346 713 460 767 noster
486 723 644 785 magnum
671 703 819 766 animum
847 703 947 766 habet
970 712 1003 766 et
1026 713 1077 766 est
1099 703 1273 768 caldicere-

221 808 331 872 brius:
363 818 420 871 aut
447 809 509 872 hoc
537 818 595 871 aut
626 807 708 870 illud
739 807 809 880 erit,
838 807 917 890 quid
948 807 1070 890 utique.
1118 828 1195 870 narn
1226 809 1273 871 illi

182 943 197 988 5
221 912 423 975 domesticus
439 931 522 986 sum,
539 931 606 974 non
622 919 674 974 est
690 910 812 974 miscix.
860 911 986 974 terrum
1003 911 1164 993 optimum
1180 911 1273 975 datu-

222 1036 278 1079 rus
301 1026 360 1091 est,
386 1015 457 1079 sine
481 1016 572 1097 fuga,
596 1014 782 1091 carnarium
805 1015 839 1077 in
863 1015 982 1090 medi0,
1007 1025 1043 1078 ut
1067 1015 1273 1097 amphithea-

222 1127 308 1182 trum
325 1119 444 1182 uideat.
490 1128 525 1182 et
540 1118 641 1182 habet
656 1118 764 1181 unde:
788 1117 940 1181 relictum
956 1128 1007 1181 est
1022 1118 1068 1180 illi
1084 1121 1271 1182 sestertium

221 1223 399 1298 tricenties
423 1222 567 1286 decessit
593 1221 680 1286 illius
707 1231 803 1303 pater
826 1222 921 1285 male.
969 1232 1005 1285 ut
1028 1223 1272 1304 quadringenta

221 1326 402 1408 impendat,
420 1347 487 1389 non
503 1325 624 1390 sentiet
643 1325 879 1407 patrimonium
898 1326 994 1402 illius,
1011 1336 1044 1390 et
1068 1327 1270 1408 sempiterno

170 1462 198 1495 ιο
221 1431 452 1494 nominabitur.
504 1430 569 1493 iam
599 1430 732 1494 Manios
760 1429 885 1512 aliquot
911 1430 1012 1494 habet
1039 1440 1073 1493 et
1100 1431 1270 1494 mulierem

221 1535 423 1599 essedariam
439 1544 472 1598 et
491 1534 756 1616 dispensatorem
776 1533 944 1618 Glyconis,
962 1534 1019 1616 qui
1041 1535 1271 1616 deprehensus

221 1649 281 1715 est,
305 1660 381 1702 cum
408 1629 576 1702 dominam
605 1659 699 1704 suam
726 1638 956 1701 delectaretur.
1004 1638 1133 1702 uidebis
1157 1640 1271 1721 populi

221 1743 324 1806 rixam
349 1742 435 1805 inter
459 1742 630 1826 zelotypos
657 1751 692 1804 et
715 1741 970 1806 amasiunculos.
1018 1742 1124 1826 Glyco
1148 1752 1268 1818 autem,

221 1846 441 1910 sestertiarius
458 1847 567 1921 homo,
581 1845 846 1927 dispensatorem
864 1846 906 1908 ad
922 1844 1045 1909 bestias
1060 1846 1160 1910 dedit.
1208 1847 1270 1910 hoc

169 1979 197 2026 ις
221 1960 273 2014 est
288 1971 324 2013 se
340 1951 450 2032 ipsum
465 1950 649 2012 traducere.
696 1949 775 2031 quid
792 1970 909 2012 seruus
931 1950 1083 2032 peccauit
1101 1950 1158 2032 qui
1180 1971 1271 2014 coac-

220 2064 275 2118 tus
301 2064 353 2117 est
383 2054 517 2117 facere?
548 2053 655 2135 magis
685 2053 741 2116 illa
770 2053 905 2117 matella
935 2053 1037 2135 digna
1068 2055 1141 2130 fuit,
1170 2076 1267 2137 quam

220 2169 334 2222 taurus
361 2159 507 2221 iactaret.
562 2158 621 2220 sed
648 2158 704 2239 qui
731 2157 861 2220 asinum
888 2178 955 2221 non
983 2168 1102 2239 potest,
1130 2168 1268 2221 stratum

221 2263 337 2326 caedit.
384 2261 462 2344 quid
482 2272 593 2324 autem
614 2260 720 2345 Glyco
739 2261 879 2343 putabat
903 2262 1129 2343 Hermogenis
1150 2263 1268 2325 filicem

220 2387 368 2449 unquam
394 2365 519 2430 bonum
547 2365 671 2428 exitum
696 2365 884 2428 iacturam?
934 2365 988 2428 ille
1015 2366 1116 2429 miluo
1144 2366 1270 2430 uolanti

166 2499 197 2532 ω
221 2480 351 2554 poterat
384 2490 515 2551 ungues
548 2489 718 2544 resecare;
755 2468 891 2533 colubra
920 2479 1043 2532 restem
1074 2491 1142 2532 non
1173 2471 1267 2553 parit.

221 2576 336 2659 Glyco,
354 2575 459 2658 Glyco
478 2574 570 2637 dedit
593 2594 688 2649 suas;
712 2573 823 2656 itaque
847 2573 1005 2656 quamdiu
1029 2573 1155 2647 uixerit,
1173 2574 1270 2637 habe-

220 2679 268 2742 bit
283 2679 448 2760 stigmam,
465 2697 527 2740 nec
543 2677 632 2739 illam
648 2677 712 2739 nisi
729 2677 838 2741 Orcus
854 2677 985 2740 delebit.
1032 2678 1091 2740 sed
1108 2677 1169 2740 sibi
1185 2679 1270 2760 quis-

220 2803 284 2865 que
301 2791 427 2864 peccat.
474 2781 533 2844 sed
550 2780 744 2857 subolfacio,
761 2782 850 2863 quod
867 2781 963 2844 nobis
979 2781 1115 2862 epulum
1132 2782 1269 2845 daturus

220 2896 270 2950 est
287 2888 487 2961 Mammaea,
500 2885 596 2948 binos
612 2884 766 2948 denarios
782 2884 863 2946 mihi
879 2895 912 2948 et
928 2885 1018 2947 meis
1066 2885 1193 2967 quodsi
1206 2887 1269 2950 hoc

167 3019 195 3065 25
219 2991 345 3066 lecerit,
365 2989 483 3072 eripiat
507 2988 667 3052 Norbano
690 2999 796 3051 totum
820 2989 980 3051 fauorem.
1028 2989 1114 3052 scias
1138 3000 1269 3070 oportet

219 3095 326 3177 plenis
342 3094 426 3157 uelis
442 3095 530 3156 bunc
546 3092 755 3156 uinciturum.
802 3102 835 3154 et
854 3112 979 3167 reuera,
997 3093 1076 3175 quid
1095 3093 1150 3156 ille
1173 3094 1269 3157 nobis

219 3199 297 3263 boni
308 3198 411 3262 lecit?
442 3196 533 3260 dedit
546 3196 748 3279 gladiatores
761 3195 980 3259 sestertiarios
992 3196 1058 3258 iarn
1071 3197 1267 3279 decrepitos,
1307 3261 1312 3270 ,

219 3324 302 3386 quos
329 3302 358 3366 si
380 3301 557 3376 sufflasses,
583 3300 798 3376 cecidissent;
830 3299 895 3362 iam
919 3301 1071 3363 meliores
1090 3301 1268 3364 'bestiarios

219 3407 296 3470 uidi.
343 3405 464 3469 occidit
479 3405 521 3468 de
537 3405 672 3468 lucerna
688 3404 825 3486 equites
844 3414 979 3485 putares
996 3425 1053 3467 eos
1073 3406 1178 3485 gallos
1202 3407 1269 3486 gal-

167 3541 196 3586 ³⁰
219 3511 383 3586 linaceos;
408 3509 492 3572 alter
509 3508 722 3582 burdubasta,
741 3508 824 3570 alter
847 3507 979 3589 loripes,
997 3507 1162 3571 tertiarius
1186 3530 1269 3571 mor-

218 3626 296 3680 tuus
323 3635 384 3696 pro
409 3622 548 3685 mortuo,
578 3611 633 3693 qui
661 3611 807 3674 habebat
833 3612 948 3673 neruia
975 3613 1133 3692 praecisa.
1182 3634 1267 3675 unus

219 3719 356 3784 alicuius
373 3717 512 3808 flaturae
529 3716 592 3778 luit
608 3717 750 3789 Thraex,
769 3715 874 3796 quiet
891 3714 962 3795 ipse
979 3716 1021 3777 ad
1040 3716 1163 3777 dictata
1187 3736 1268 3796 pug-
