<?xml version="1.0" encoding="UTF-8"?>
<!DOCTYPE html PUBLIC "-//W3C//DTD XHTML 1.0 Transitional//EN"
    "http://www.w3.org/TR/xhtml1/DTD/xhtml1-transitional.dtd">
<html xmlns="http://www.w3.org/1999/xhtml" xml:lang="en" lang="en">
 <head>
  <title>
</title>
<meta http-equiv="Content-Type" content="text/html;charset=utf-8" />
  <meta name='ocr-system' content='tesseract 3.04.00' />
  <meta name='ocr-capabilities' content='ocr_page ocr_carea ocr_par ocr_line ocrx_word'/>
</head>
<body>
  <div class='ocr_page' id='page_1' title='image "./fragmentsromans01unkngoog_0151.png"; bbox 0 0 2934 4236; ppageno 0'>
   <div class='ocr_carea' id='block_1_1' title="bbox 215 295 1050 366">
    <p class='ocr_par' dir='ltr' id='par_1_1' title="bbox 215 295 1050 366">
     <span class='ocr_line' id='line_1_1' title="bbox 215 295 1050 366; baseline -0.007 -15"><span class='ocrx_word' id='word_1_1' title='bbox 215 304 275 366; x_wconf 81' lang='lat'><strong>144</strong></span> <span class='ocrx_word' id='word_1_2' title='bbox 477 297 685 348; x_wconf 84' lang='lat' dir='ltr'>FRAGMENTS</span> <span class='ocrx_word' id='word_1_3' title='bbox 707 297 752 346; x_wconf 84' lang='lat' dir='ltr'><strong>OF</strong></span> <span class='ocrx_word' id='word_1_4' title='bbox 775 297 901 346; x_wconf 87' lang='lat' dir='ltr'>ROMAN</span> <span class='ocrx_word' id='word_1_5' title='bbox 925 295 1050 346; x_wconf 85' lang='lat' dir='ltr'>SATIRE</span> 
     </span>
    </p>
   </div>
   <div class='ocr_carea' id='block_1_2' title="bbox 215 453 1335 2094">
    <p class='ocr_par' dir='ltr' id='par_1_2' title="bbox 215 453 1335 2094">
     <span class='ocr_line' id='line_1_2' title="bbox 263 453 1317 536; baseline 0 -18"><span class='ocrx_word' id='word_1_6' title='bbox 263 453 417 518; x_wconf 89' lang='lat' dir='ltr'><strong>maritum</strong></span> <span class='ocrx_word' id='word_1_7' title='bbox 450 474 559 518; x_wconf 93' lang='lat' dir='ltr'><strong>meum</strong></span> <span class='ocrx_word' id='word_1_8' title='bbox 586 453 715 530; x_wconf 86' lang='lat' dir='ltr'><strong>¹uidere.</strong></span> <span class='ocrx_word' id='word_1_9' title='bbox 776 453 856 536; x_wconf 91' lang='lat' dir='ltr'><strong>quid</strong></span> <span class='ocrx_word' id='word_1_10' title='bbox 891 453 1019 529; x_wconf 87' lang='lat' dir='ltr'><strong>differ0,</strong></span> <span class='ocrx_word' id='word_1_11' title='bbox 1052 453 1132 535; x_wconf 93' lang='lat' dir='ltr'><strong>quid</strong></span> <span class='ocrx_word' id='word_1_12' title='bbox 1165 454 1317 518; x_wconf 87' lang='lat' dir='ltr'>detrecto</span> 
     </span>
     <span class='ocr_line' id='line_1_3' title="bbox 263 556 1138 640; baseline 0 -20"><span class='ocrx_word' id='word_1_13' title='bbox 263 556 462 633; x_wconf 89' lang='lat' dir='ltr'><strong>uenientem,</strong></span> <span class='ocrx_word' id='word_1_14' title='bbox 488 557 545 640; x_wconf 90' lang='lat' dir='ltr'><strong>qui</strong></span> <span class='ocrx_word' id='word_1_15' title='bbox 567 557 668 620; x_wconf 89' lang='lat' dir='ltr'><strong>totius</strong></span> <span class='ocrx_word' id='word_1_16' title='bbox 691 557 780 621; x_wconf 91' lang='lat' dir='ltr'><strong>orbis</strong></span> <span class='ocrx_word' id='word_1_17' title='bbox 802 557 901 620; x_wconf 87' lang='lat' dir='ltr'><strong>exitio</strong></span> <span class='ocrx_word' id='word_1_18' title='bbox 924 567 1022 620; x_wconf 86' lang='lat' dir='ltr'><strong>natus</strong></span> <span class='ocrx_word' id='word_1_19' title='bbox 1045 558 1138 620; x_wconf 86' lang='lat' dir='ltr'><strong>est?’</strong></span> 
     </span>
     <span class='ocr_line' id='line_1_4' title="bbox 308 661 1317 745; baseline 0.004 -22"><span class='ocrx_word' id='word_1_20' title='bbox 308 678 362 741; x_wconf 81' lang='lat'><strong>35.</strong></span> <span class='ocrx_word' id='word_1_21' title='bbox 395 661 440 724; x_wconf 93' lang='lat' dir='ltr'><strong>sic</strong></span> <span class='ocrx_word' id='word_1_22' title='bbox 479 662 612 743; x_wconf 81' lang='lat' dir='ltr'><strong>prolata</strong></span> <span class='ocrx_word' id='word_1_23' title='bbox 650 661 743 742; x_wconf 88' lang='lat' dir='ltr'><strong>uirgo</strong></span> <span class='ocrx_word' id='word_1_24' title='bbox 782 661 948 737; x_wconf 87' lang='lat' dir='ltr'>conticuit,</span> <span class='ocrx_word' id='word_1_25' title='bbox 988 661 1207 745; x_wconf 86' lang='lat' dir='ltr'><strong>ingressuque</strong></span> <span class='ocrx_word' id='word_1_26' title='bbox 1250 665 1317 728; x_wconf 92' lang='lat' dir='ltr'><strong>iam</strong></span> 
     </span>
     <span class='ocr_line' id='line_1_5' title="bbox 264 765 1319 847; baseline 0.003 -19"><span class='ocrx_word' id='word_1_27' title='bbox 264 765 375 828; x_wconf 90' lang='lat' dir='ltr'><strong>ualido</strong></span> <span class='ocrx_word' id='word_1_28' title='bbox 398 785 541 847; x_wconf 82' lang='lat' dir='ltr'><strong>pompae</strong></span> <span class='ocrx_word' id='word_1_29' title='bbox 566 765 681 846; x_wconf 93' lang='lat' dir='ltr'><strong>populi</strong></span> <span class='ocrx_word' id='word_1_30' title='bbox 704 765 935 846; x_wconf 87' lang='lat' dir='ltr'><strong>prosequentis</strong></span> <span class='ocrx_word' id='word_1_31' title='bbox 961 785 1034 828; x_wconf 91' lang='lat' dir='ltr'><strong>sese</strong></span> <span class='ocrx_word' id='word_1_32' title='bbox 1059 766 1198 830; x_wconf 89' lang='lat' dir='ltr'><strong>miscuit.</strong></span> <span class='ocrx_word' id='word_1_33' title='bbox 1252 769 1319 831; x_wconf 89' lang='lat' dir='ltr'><strong>itur</strong></span> 
     </span>
     <span class='ocr_line' id='line_1_6' title="bbox 227 869 1319 950; baseline 0.004 -18"><span class='ocrx_word' id='word_1_34' title='bbox 227 900 241 946; x_wconf 81' lang='lat'>5</span> <span class='ocrx_word' id='word_1_35' title='bbox 265 870 307 932; x_wconf 90' lang='lat' dir='ltr'><strong>ad</strong></span> <span class='ocrx_word' id='word_1_36' title='bbox 335 869 551 932; x_wconf 90' lang='lat' dir='ltr'><strong>constitutum</strong></span> <span class='ocrx_word' id='word_1_37' title='bbox 576 869 748 950; x_wconf 90' lang='lat' dir='ltr'><strong>scopulum</strong></span> <span class='ocrx_word' id='word_1_38' title='bbox 775 869 897 932; x_wconf 88' lang='lat' dir='ltr'><strong>montis</strong></span> <span class='ocrx_word' id='word_1_39' title='bbox 922 869 1024 945; x_wconf 90' lang='lat' dir='ltr'><strong>ardui,</strong></span> <span class='ocrx_word' id='word_1_40' title='bbox 1050 871 1144 934; x_wconf 93' lang='lat' dir='ltr'><strong>cuius</strong></span> <span class='ocrx_word' id='word_1_41' title='bbox 1169 872 1202 934; x_wconf 93' lang='lat' dir='ltr'><strong>in</strong></span> <span class='ocrx_word' id='word_1_42' title='bbox 1231 893 1319 936; x_wconf 93' lang='lat' dir='ltr'><strong>sum-</strong></span> 
     </span>
     <span class='ocr_line' id='line_1_7' title="bbox 265 972 1320 1055; baseline 0.004 -20"><span class='ocrx_word' id='word_1_43' title='bbox 265 994 320 1036; x_wconf 92' lang='lat' dir='ltr'><strong>mo</strong></span> <span class='ocrx_word' id='word_1_44' title='bbox 333 972 512 1036; x_wconf 88' lang='lat' dir='ltr'><strong>&#39;cacumine</strong></span> <span class='ocrx_word' id='word_1_45' title='bbox 532 981 689 1034; x_wconf 92' lang='lat' dir='ltr'><strong>statutam</strong></span> <span class='ocrx_word' id='word_1_46' title='bbox 710 973 855 1055; x_wconf 88' lang='lat' dir='ltr'>puellam</span> <span class='ocrx_word' id='word_1_47' title='bbox 873 973 984 1037; x_wconf 87' lang='lat' dir='ltr'><strong>cuncti</strong></span> <span class='ocrx_word' id='word_1_48' title='bbox 1005 974 1172 1050; x_wconf 91' lang='lat' dir='ltr'><strong>deserunt,</strong></span> <span class='ocrx_word' id='word_1_49' title='bbox 1190 979 1320 1039; x_wconf 85' lang='lat' dir='ltr'><strong>taedas-</strong></span> 
     </span>
     <span class='ocr_line' id='line_1_8' title="bbox 265 1075 1319 1160; baseline 0.003 -21"><span class='ocrx_word' id='word_1_50' title='bbox 265 1096 330 1160; x_wconf 87' lang='lat' dir='ltr'><strong>que</strong></span> <span class='ocrx_word' id='word_1_51' title='bbox 354 1076 519 1157; x_wconf 82' lang='lat' dir='ltr'><strong>nuptiales</strong></span> <span class='ocrx_word' id='word_1_52' title='bbox 540 1075 914 1158; x_wconf 88' lang='lat' dir='ltr'><strong>quibuspraeluxerant</strong></span> <span class='ocrx_word' id='word_1_53' title='bbox 934 1077 1057 1140; x_wconf 89' lang='lat' dir='ltr'><strong>ibidem</strong></span> <span class='ocrx_word' id='word_1_54' title='bbox 1080 1079 1224 1142; x_wconf 89' lang='lat' dir='ltr'><strong>lacrimis</strong></span> <span class='ocrx_word' id='word_1_55' title='bbox 1249 1086 1319 1142; x_wconf 91' lang='lat' dir='ltr'><strong>suis</strong></span> 
     </span>
     <span class='ocr_line' id='line_1_9' title="bbox 266 1179 1319 1262; baseline 0.003 -19"><span class='ocrx_word' id='word_1_56' title='bbox 266 1179 427 1243; x_wconf 87' lang='lat' dir='ltr'><strong>extinctas</strong></span> <span class='ocrx_word' id='word_1_57' title='bbox 457 1180 682 1260; x_wconf 84' lang='lat' dir='ltr'><strong>relinquentes</strong></span> <span class='ocrx_word' id='word_1_58' title='bbox 713 1179 849 1256; x_wconf 85' lang='lat' dir='ltr'><strong>deiectis</strong></span> <span class='ocrx_word' id='word_1_59' title='bbox 880 1180 1045 1262; x_wconf 86' lang='lat' dir='ltr'><strong>capitibus</strong></span> <span class='ocrx_word' id='word_1_60' title='bbox 1077 1182 1319 1246; x_wconf 89' lang='lat' dir='ltr'><strong>domuitionem</strong></span> 
     </span>
     <span class='ocr_line' id='line_1_10' title="bbox 266 1283 1321 1367; baseline 0.006 -22"><span class='ocrx_word' id='word_1_61' title='bbox 266 1293 393 1367; x_wconf 90' lang='lat' dir='ltr'><strong>parant.</strong></span> <span class='ocrx_word' id='word_1_62' title='bbox 455 1293 489 1345; x_wconf 90' lang='lat' dir='ltr'><strong>et</strong></span> <span class='ocrx_word' id='word_1_63' title='bbox 515 1283 626 1346; x_wconf 89' lang='lat' dir='ltr'><strong>miseri</strong></span> <span class='ocrx_word' id='word_1_64' title='bbox 652 1283 786 1365; x_wconf 87' lang='lat' dir='ltr'><strong>quidem</strong></span> <span class='ocrx_word' id='word_1_65' title='bbox 813 1294 969 1366; x_wconf 85' lang='lat' dir='ltr'><strong>parentes</strong></span> <span class='ocrx_word' id='word_1_66' title='bbox 996 1285 1067 1348; x_wconf 91' lang='lat' dir='ltr'><strong>eius</strong></span> <span class='ocrx_word' id='word_1_67' title='bbox 1098 1295 1191 1349; x_wconf 89' lang='lat' dir='ltr'><strong>tanta</strong></span> <span class='ocrx_word' id='word_1_68' title='bbox 1222 1289 1321 1352; x_wconf 92' lang='lat' dir='ltr'><strong>clade</strong></span> 
     </span>
     <span class='ocr_line' id='line_1_11' title="bbox 215 1386 1322 1471; baseline 0.002 -19"><span class='ocrx_word' id='word_1_69' title='bbox 215 1419 243 1452; x_wconf 83' lang='grc' dir='ltr'><strong>ιο</strong></span> <span class='ocrx_word' id='word_1_70' title='bbox 266 1387 399 1462; x_wconf 84' lang='lat' dir='ltr'><strong>defessi,</strong></span> <span class='ocrx_word' id='word_1_71' title='bbox 414 1387 546 1449; x_wconf 91' lang='lat' dir='ltr'><strong>clausae</strong></span> <span class='ocrx_word' id='word_1_72' title='bbox 563 1386 682 1451; x_wconf 91' lang='lat' dir='ltr'><strong>domus</strong></span> <span class='ocrx_word' id='word_1_73' title='bbox 698 1387 843 1450; x_wconf 91' lang='lat' dir='ltr'><strong>abstrusi</strong></span> <span class='ocrx_word' id='word_1_74' title='bbox 858 1389 1013 1464; x_wconf 91' lang='lat' dir='ltr'><strong>tenebris,</strong></span> <span class='ocrx_word' id='word_1_75' title='bbox 1028 1400 1211 1471; x_wconf 90' lang='lat' dir='ltr'><strong>perpetuae</strong></span> <span class='ocrx_word' id='word_1_76' title='bbox 1228 1393 1322 1456; x_wconf 91' lang='lat' dir='ltr'><strong>nocti</strong></span> 
     </span>
     <span class='ocr_line' id='line_1_12' title="bbox 267 1477 1335 1576; baseline 0.004 -22"><span class='ocrx_word' id='word_1_77' title='bbox 267 1511 341 1554; x_wconf 91' lang='lat' dir='ltr'><strong>sese</strong></span> <span class='ocrx_word' id='word_1_78' title='bbox 360 1491 524 1553; x_wconf 92' lang='lat' dir='ltr'><strong>dedidere.</strong></span> <span class='ocrx_word' id='word_1_79' title='bbox 574 1491 725 1574; x_wconf 90' lang='lat' dir='ltr'><strong>Psychen</strong></span> <span class='ocrx_word' id='word_1_80' title='bbox 750 1501 861 1554; x_wconf 88' lang='lat' dir='ltr'><strong>autem</strong></span> <span class='ocrx_word' id='word_1_81' title='bbox 885 1477 1066 1573; x_wconf 88' lang='lat' dir='ltr'><strong>pauentem</strong></span> <span class='ocrx_word' id='word_1_82' title='bbox 1091 1515 1129 1556; x_wconf 92' lang='lat' dir='ltr'><strong>ac</strong></span> <span class='ocrx_word' id='word_1_83' title='bbox 1153 1478 1335 1576; x_wconf 59' lang='lat' dir='ltr'><strong>trepidans</strong></span> 
     </span>
     <span class='ocr_line' id='line_1_13' title="bbox 266 1594 1322 1676; baseline 0.004 -18"><span class='ocrx_word' id='word_1_84' title='bbox 266 1605 334 1658; x_wconf 91' lang='lat' dir='ltr'><strong>tem</strong></span> <span class='ocrx_word' id='word_1_85' title='bbox 365 1604 399 1656; x_wconf 90' lang='lat' dir='ltr'><strong>et</strong></span> <span class='ocrx_word' id='word_1_86' title='bbox 429 1594 462 1656; x_wconf 94' lang='lat' dir='ltr'><strong>in</strong></span> <span class='ocrx_word' id='word_1_87' title='bbox 493 1594 567 1676; x_wconf 92' lang='lat' dir='ltr'><strong>ipso</strong></span> <span class='ocrx_word' id='word_1_88' title='bbox 598 1595 727 1676; x_wconf 90' lang='lat' dir='ltr'><strong>scopuli</strong></span> <span class='ocrx_word' id='word_1_89' title='bbox 757 1595 880 1658; x_wconf 89' lang='lat' dir='ltr'><strong>uertice</strong></span> <span class='ocrx_word' id='word_1_90' title='bbox 908 1596 1096 1673; x_wconf 88' lang='lat' dir='ltr'><strong>deflentem,</strong></span> <span class='ocrx_word' id='word_1_91' title='bbox 1121 1598 1209 1662; x_wconf 86' lang='lat' dir='ltr'><strong>mitis</strong></span> <span class='ocrx_word' id='word_1_92' title='bbox 1237 1621 1322 1662; x_wconf 91' lang='lat' dir='ltr'><strong>aura</strong></span> 
     </span>
     <span class='ocr_line' id='line_1_14' title="bbox 267 1697 1322 1782; baseline 0.007 -22"><span class='ocrx_word' id='word_1_93' title='bbox 267 1698 409 1761; x_wconf 88' lang='lat' dir='ltr'><strong>molliter</strong></span> <span class='ocrx_word' id='word_1_94' title='bbox 439 1697 596 1780; x_wconf 88' lang='lat' dir='ltr'><strong>spirantis</strong></span> <span class='ocrx_word' id='word_1_95' title='bbox 628 1699 783 1782; x_wconf 88' lang='lat' dir='ltr'><strong>Zephyri,</strong></span> <span class='ocrx_word' id='word_1_96' title='bbox 812 1699 950 1762; x_wconf 91' lang='lat' dir='ltr'><strong>uibratis</strong></span> <span class='ocrx_word' id='word_1_97' title='bbox 978 1700 1055 1764; x_wconf 91' lang='lat' dir='ltr'><strong>hinc</strong></span> <span class='ocrx_word' id='word_1_98' title='bbox 1082 1701 1159 1765; x_wconf 92' lang='lat' dir='ltr'><strong>inde</strong></span> <span class='ocrx_word' id='word_1_99' title='bbox 1190 1703 1322 1767; x_wconf 87' lang='lat' dir='ltr'><strong>laciniis</strong></span> 
     </span>
     <span class='ocr_line' id='line_1_15' title="bbox 267 1802 1322 1887; baseline 0.003 -21"><span class='ocrx_word' id='word_1_100' title='bbox 267 1813 300 1866; x_wconf 91' lang='lat' dir='ltr'><strong>et</strong></span> <span class='ocrx_word' id='word_1_101' title='bbox 324 1802 438 1865; x_wconf 90' lang='lat' dir='ltr'><strong>reflato</strong></span> <span class='ocrx_word' id='word_1_102' title='bbox 466 1802 540 1864; x_wconf 92' lang='lat' dir='ltr'><strong>sinu</strong></span> <span class='ocrx_word' id='word_1_103' title='bbox 568 1802 692 1880; x_wconf 88' lang='lat' dir='ltr'><strong>sensim</strong></span> <span class='ocrx_word' id='word_1_104' title='bbox 719 1803 872 1878; x_wconf 88' lang='lat' dir='ltr'><strong>leuatam,</strong></span> <span class='ocrx_word' id='word_1_105' title='bbox 898 1803 968 1866; x_wconf 91' lang='lat' dir='ltr'><strong>solo</strong></span> <span class='ocrx_word' id='word_1_106' title='bbox 996 1805 1172 1887; x_wconf 90' lang='lat' dir='ltr'><strong>tranquillo</strong></span> <span class='ocrx_word' id='word_1_107' title='bbox 1200 1809 1322 1887; x_wconf 91' lang='lat' dir='ltr'><strong>spiritu</strong></span> 
     </span>
     <span class='ocr_line' id='line_1_16' title="bbox 216 1906 1323 1988; baseline 0.004 -19"><span class='ocrx_word' id='word_1_108' title='bbox 216 1936 243 1982; x_wconf 83' lang='lat'><strong>15</strong></span> <span class='ocrx_word' id='word_1_109' title='bbox 267 1907 395 1970; x_wconf 90' lang='lat' dir='ltr'><strong>uehens</strong></span> <span class='ocrx_word' id='word_1_110' title='bbox 419 1906 580 1987; x_wconf 88' lang='lat' dir='ltr'><strong>paulatim</strong></span> <span class='ocrx_word' id='word_1_111' title='bbox 604 1927 664 1988; x_wconf 94' lang='lat' dir='ltr'><strong>per</strong></span> <span class='ocrx_word' id='word_1_112' title='bbox 684 1907 812 1969; x_wconf 90' lang='lat' dir='ltr'><strong>deuexa</strong></span> <span class='ocrx_word' id='word_1_113' title='bbox 836 1907 928 1988; x_wconf 92' lang='lat' dir='ltr'><strong>rupis</strong></span> <span class='ocrx_word' id='word_1_114' title='bbox 952 1907 1102 1971; x_wconf 86' lang='lat' dir='ltr'><strong>excelsae</strong></span> <span class='ocrx_word' id='word_1_115' title='bbox 1125 1910 1220 1972; x_wconf 92' lang='lat' dir='ltr'><strong>uallis</strong></span> <span class='ocrx_word' id='word_1_116' title='bbox 1246 1912 1323 1974; x_wconf 90' lang='lat' dir='ltr'><strong>sub-</strong></span> 
     </span>
     <span class='ocr_line' id='line_1_17' title="bbox 267 2009 1319 2094; baseline 0.005 -21"><span class='ocrx_word' id='word_1_117' title='bbox 267 2011 356 2074; x_wconf 90' lang='lat' dir='ltr'><strong>ditae</strong></span> <span class='ocrx_word' id='word_1_118' title='bbox 375 2009 522 2073; x_wconf 92' lang='lat' dir='ltr'><strong>florentis</strong></span> <span class='ocrx_word' id='word_1_119' title='bbox 541 2009 675 2092; x_wconf 88' lang='lat' dir='ltr'><strong>cespitis</strong></span> <span class='ocrx_word' id='word_1_120' title='bbox 695 2010 821 2092; x_wconf 85' lang='lat' dir='ltr'><strong>gremio</strong></span> <span class='ocrx_word' id='word_1_121' title='bbox 838 2009 957 2074; x_wconf 90' lang='lat' dir='ltr'><strong>leniter</strong></span> <span class='ocrx_word' id='word_1_122' title='bbox 976 2011 1148 2094; x_wconf 90' lang='lat' dir='ltr'><strong>delapsam</strong></span> <span class='ocrx_word' id='word_1_123' title='bbox 1168 2015 1319 2079; x_wconf 89' lang='lat' dir='ltr'><strong>reclinat.</strong></span> 
     </span>
    </p>
   </div>
   <div class='ocr_carea' id='block_1_3' title="bbox 706 2269 880 2333">
    <p class='ocr_par' dir='ltr' id='par_1_3' title="bbox 706 2269 880 2333">
     <span class='ocr_line' id='line_1_18' title="bbox 706 2269 880 2333; baseline 0.011 -2"><span class='ocrx_word' id='word_1_124' title='bbox 706 2269 816 2331; x_wconf 77' lang='lat' dir='ltr'><strong>Lmen</strong></span> <span class='ocrx_word' id='word_1_125' title='bbox 838 2269 880 2333; x_wconf 89' lang='lat' dir='ltr'><strong>V.</strong></span> 
     </span>
    </p>
   </div>
   <div class='ocr_carea' id='block_1_4' title="bbox 170 2426 1322 3756">
    <p class='ocr_par' dir='ltr' id='par_1_4' title="bbox 170 2426 1322 2819">
     <span class='ocr_line' id='line_1_19' title="bbox 313 2426 1321 2512; baseline 0.005 -21"><span class='ocrx_word' id='word_1_126' title='bbox 313 2447 342 2491; x_wconf 90' lang='lat'><strong>1.</strong></span> <span class='ocrx_word' id='word_1_127' title='bbox 378 2427 507 2512; x_wconf 88' lang='lat' dir='ltr'><strong>Psyche</strong></span> <span class='ocrx_word' id='word_1_128' title='bbox 540 2426 663 2490; x_wconf 90' lang='lat' dir='ltr'><strong>teneris</strong></span> <span class='ocrx_word' id='word_1_129' title='bbox 699 2435 732 2489; x_wconf 89' lang='lat' dir='ltr'><strong>et</strong></span> <span class='ocrx_word' id='word_1_130' title='bbox 766 2426 916 2490; x_wconf 88' lang='lat' dir='ltr'><strong>herbosis</strong></span> <span class='ocrx_word' id='word_1_131' title='bbox 951 2426 1032 2491; x_wconf 90' lang='lat' dir='ltr'><strong>locis</strong></span> <span class='ocrx_word' id='word_1_132' title='bbox 1066 2427 1099 2490; x_wconf 91' lang='lat' dir='ltr'><strong>in</strong></span> <span class='ocrx_word' id='word_1_133' title='bbox 1134 2428 1207 2511; x_wconf 91' lang='lat' dir='ltr'><strong>ipso</strong></span> <span class='ocrx_word' id='word_1_134' title='bbox 1245 2441 1321 2496; x_wconf 87' lang='lat' dir='ltr'><strong>toro</strong></span> 
     </span>
     <span class='ocr_line' id='line_1_20' title="bbox 267 2531 1322 2617; baseline 0.005 -23"><span class='ocrx_word' id='word_1_135' title='bbox 267 2531 387 2594; x_wconf 91' lang='lat' dir='ltr'><strong>roscidi</strong></span> <span class='ocrx_word' id='word_1_136' title='bbox 414 2531 572 2612; x_wconf 85' lang='lat' dir='ltr'><strong>graminis</strong></span> <span class='ocrx_word' id='word_1_137' title='bbox 600 2551 702 2593; x_wconf 88' lang='lat' dir='ltr'><strong>suaue</strong></span> <span class='ocrx_word' id='word_1_138' title='bbox 726 2531 898 2606; x_wconf 91' lang='lat' dir='ltr'><strong>recubans,</strong></span> <span class='ocrx_word' id='word_1_139' title='bbox 924 2541 1017 2594; x_wconf 88' lang='lat' dir='ltr'><strong>tanta</strong></span> <span class='ocrx_word' id='word_1_140' title='bbox 1043 2532 1165 2596; x_wconf 90' lang='lat' dir='ltr'><strong>mentis</strong></span> <span class='ocrx_word' id='word_1_141' title='bbox 1192 2546 1322 2617; x_wconf 89' lang='lat' dir='ltr'><strong>pertur-</strong></span> 
     </span>
     <span class='ocr_line' id='line_1_21' title="bbox 170 2634 1322 2718; baseline 0.005 -21"><span class='ocrx_word' id='word_1_142' title='bbox 170 2705 172 2708; x_wconf 52' lang='grc'><strong>,</strong></span> <span class='ocrx_word' id='word_1_143' title='bbox 266 2635 400 2698; x_wconf 89' lang='lat' dir='ltr'><strong>batione</strong></span> <span class='ocrx_word' id='word_1_144' title='bbox 431 2635 555 2710; x_wconf 87' lang='lat' dir='ltr'><strong>sedata,</strong></span> <span class='ocrx_word' id='word_1_145' title='bbox 587 2635 683 2698; x_wconf 92' lang='lat' dir='ltr'><strong>dulce</strong></span> <span class='ocrx_word' id='word_1_146' title='bbox 715 2634 913 2716; x_wconf 92' lang='lat' dir='ltr'><strong>conquieuit.</strong></span> <span class='ocrx_word' id='word_1_147' title='bbox 975 2635 1108 2718; x_wconf 93' lang='lat' dir='ltr'><strong>iamque</strong></span> <span class='ocrx_word' id='word_1_148' title='bbox 1142 2637 1322 2703; x_wconf 90' lang='lat' dir='ltr'><strong>sufficienti</strong></span> 
     </span>
     <span class='ocr_line' id='line_1_22' title="bbox 214 2737 1319 2819; baseline 0.005 -19"><span class='ocrx_word' id='word_1_149' title='bbox 214 2769 243 2800; x_wconf 78' lang='lat'><strong>20</strong></span> <span class='ocrx_word' id='word_1_150' title='bbox 266 2749 415 2802; x_wconf 87' lang='lat' dir='ltr'><strong>recreata</strong></span> <span class='ocrx_word' id='word_1_151' title='bbox 442 2759 558 2801; x_wconf 91' lang='lat' dir='ltr'><strong>somno</strong></span> <span class='ocrx_word' id='word_1_152' title='bbox 586 2738 717 2818; x_wconf 91' lang='lat' dir='ltr'><strong>placido</strong></span> <span class='ocrx_word' id='word_1_153' title='bbox 744 2737 888 2819; x_wconf 87' lang='lat' dir='ltr'><strong>resurgit</strong></span> <span class='ocrx_word' id='word_1_154' title='bbox 914 2738 1033 2802; x_wconf 84' lang='lat' dir='ltr'><strong>animo</strong></span> <span class='ocrx_word' id='word_1_155' title='bbox 1088 2739 1180 2804; x_wconf 90' lang='lat' dir='ltr'><strong>uidet</strong></span> <span class='ocrx_word' id='word_1_156' title='bbox 1206 2743 1319 2806; x_wconf 93' lang='lat' dir='ltr'><strong>lucum</strong></span> 
     </span>
    </p>

    <p class='ocr_par' dir='ltr' id='par_1_5' title="bbox 267 2841 1319 2924">
     <span class='ocr_line' id='line_1_23' title="bbox 267 2841 1319 2924; baseline 0.005 -20"><span class='ocrx_word' id='word_1_157' title='bbox 267 2843 413 2924; x_wconf 90' lang='lat' dir='ltr'><strong>proceris</strong></span> <span class='ocrx_word' id='word_1_158' title='bbox 444 2852 477 2905; x_wconf 90' lang='lat' dir='ltr'><strong>et</strong></span> <span class='ocrx_word' id='word_1_159' title='bbox 507 2841 610 2904; x_wconf 89' lang='lat' dir='ltr'><strong>uastis</strong></span> <span class='ocrx_word' id='word_1_160' title='bbox 641 2841 812 2904; x_wconf 87' lang='lat' dir='ltr'><strong>arboribus</strong></span> <span class='ocrx_word' id='word_1_161' title='bbox 843 2842 1025 2919; x_wconf 91' lang='lat' dir='ltr'><strong>consitum;</strong></span> <span class='ocrx_word' id='word_1_162' title='bbox 1065 2843 1157 2906; x_wconf 90' lang='lat' dir='ltr'><strong>uidet</strong></span> <span class='ocrx_word' id='word_1_163' title='bbox 1187 2845 1319 2909; x_wconf 79' lang='lat' dir='ltr'><strong>iontem</strong></span> 
     </span>
    </p>

    <p class='ocr_par' dir='ltr' id='par_1_6' title="bbox 214 2939 1319 3756">
     <span class='ocr_line' id='line_1_24' title="bbox 266 2939 1319 3031; baseline 0.004 -22"><span class='ocrx_word' id='word_1_164' title='bbox 266 2946 372 3009; x_wconf 92' lang='lat' dir='ltr'><strong>uitreo</strong></span> <span class='ocrx_word' id='word_1_165' title='bbox 396 2946 492 3009; x_wconf 91' lang='lat' dir='ltr'><strong>latice</strong></span> <span class='ocrx_word' id='word_1_166' title='bbox 516 2945 722 3026; x_wconf 91' lang='lat' dir='ltr'><strong>perlucidum</strong></span> <span class='ocrx_word' id='word_1_167' title='bbox 745 2945 855 3007; x_wconf 92' lang='lat' dir='ltr'><strong>medio</strong></span> <span class='ocrx_word' id='word_1_168' title='bbox 878 2945 944 3008; x_wconf 90' lang='lat' dir='ltr'><strong>luci</strong></span> <span class='ocrx_word' id='word_1_169' title='bbox 967 2939 1157 3020; x_wconf 89' lang='lat' dir='ltr'><strong>meditullio.</strong></span> <span class='ocrx_word' id='word_1_170' title='bbox 1212 2970 1319 3031; x_wconf 92' lang='lat' dir='ltr'><strong>prope</strong></span> 
     </span>
     <span class='ocr_line' id='line_1_25' title="bbox 267 3049 1319 3130; baseline 0.005 -18"><span class='ocrx_word' id='word_1_171' title='bbox 267 3050 369 3113; x_wconf 84' lang='lat' dir='ltr'><strong>fontis</strong></span> <span class='ocrx_word' id='word_1_172' title='bbox 385 3050 559 3130; x_wconf 88' lang='lat' dir='ltr'><strong>adlapsum</strong></span> <span class='ocrx_word' id='word_1_173' title='bbox 576 3049 694 3110; x_wconf 92' lang='lat' dir='ltr'><strong>domus</strong></span> <span class='ocrx_word' id='word_1_174' title='bbox 710 3049 802 3129; x_wconf 85' lang='lat' dir='ltr'><strong>regia</strong></span> <span class='ocrx_word' id='word_1_175' title='bbox 818 3059 877 3124; x_wconf 90' lang='lat' dir='ltr'><strong>est,</strong></span> <span class='ocrx_word' id='word_1_176' title='bbox 896 3049 1070 3113; x_wconf 88' lang='lat' dir='ltr'><strong>aedificata</strong></span> <span class='ocrx_word' id='word_1_177' title='bbox 1082 3071 1149 3114; x_wconf 93' lang='lat' dir='ltr'><strong>non</strong></span> <span class='ocrx_word' id='word_1_178' title='bbox 1163 3051 1319 3117; x_wconf 91' lang='lat' dir='ltr'><strong>humanis</strong></span> 
     </span>
     <span class='ocr_line' id='line_1_26' title="bbox 266 3152 1318 3226; baseline 0.005 -11"><span class='ocrx_word' id='word_1_179' title='bbox 266 3153 419 3216; x_wconf 90' lang='lat' dir='ltr'><strong>manibus</strong></span> <span class='ocrx_word' id='word_1_180' title='bbox 450 3153 508 3215; x_wconf 90' lang='lat' dir='ltr'><strong>sed</strong></span> <span class='ocrx_word' id='word_1_181' title='bbox 540 3152 661 3215; x_wconf 89' lang='lat' dir='ltr'><strong>diuinis</strong></span> <span class='ocrx_word' id='word_1_182' title='bbox 692 3152 825 3215; x_wconf 78' lang='lat' dir='ltr'><strong>artibus</strong></span> <span class='ocrx_word' id='word_1_183' title='bbox 888 3153 954 3215; x_wconf 91' lang='lat' dir='ltr'><strong>iam</strong></span> <span class='ocrx_word' id='word_1_184' title='bbox 986 3154 1071 3217; x_wconf 91' lang='lat' dir='ltr'><strong>scies</strong></span> <span class='ocrx_word' id='word_1_185' title='bbox 1096 3155 1147 3226; x_wconf 78' lang='lat' dir='ltr'><strong>¹ab</strong></span> <span class='ocrx_word' id='word_1_186' title='bbox 1181 3156 1318 3221; x_wconf 90' lang='lat' dir='ltr'><strong>introitu</strong></span> 
     </span>
     <span class='ocr_line' id='line_1_27' title="bbox 214 3255 1318 3339; baseline 0.005 -20"><span class='ocrx_word' id='word_1_187' title='bbox 214 3284 242 3332; x_wconf 65' lang='grc' dir='ltr'><strong>ας</strong></span> <span class='ocrx_word' id='word_1_188' title='bbox 267 3257 373 3339; x_wconf 92' lang='lat' dir='ltr'><strong>primo</strong></span> <span class='ocrx_word' id='word_1_189' title='bbox 404 3257 457 3319; x_wconf 91' lang='lat' dir='ltr'><strong>dei</strong></span> <span class='ocrx_word' id='word_1_190' title='bbox 487 3256 670 3338; x_wconf 88' lang='lat' dir='ltr'><strong>cuiuspiam</strong></span> <span class='ocrx_word' id='word_1_191' title='bbox 701 3255 905 3320; x_wconf 90' lang='lat' dir='ltr'><strong>luculentum</strong></span> <span class='ocrx_word' id='word_1_192' title='bbox 934 3268 967 3320; x_wconf 92' lang='lat' dir='ltr'><strong>et</strong></span> <span class='ocrx_word' id='word_1_193' title='bbox 994 3279 1171 3322; x_wconf 86' lang='lat' dir='ltr'><strong>amoenum</strong></span> <span class='ocrx_word' id='word_1_194' title='bbox 1203 3260 1318 3326; x_wconf 88' lang='lat' dir='ltr'><strong>uidere</strong></span> 
     </span>
     <span class='ocr_line' id='line_1_28' title="bbox 266 3360 1318 3444; baseline 0.005 -20"><span class='ocrx_word' id='word_1_195' title='bbox 266 3371 299 3424; x_wconf 90' lang='lat' dir='ltr'><strong>te</strong></span> <span class='ocrx_word' id='word_1_196' title='bbox 322 3360 547 3424; x_wconf 89' lang='lat' dir='ltr'><strong>diuersorium.</strong></span> <span class='ocrx_word' id='word_1_197' title='bbox 601 3381 678 3422; x_wconf 90' lang='lat' dir='ltr'><strong>nam</strong></span> <span class='ocrx_word' id='word_1_198' title='bbox 702 3381 832 3423; x_wconf 88' lang='lat' dir='ltr'><strong>summa</strong></span> <span class='ocrx_word' id='word_1_199' title='bbox 855 3362 1023 3444; x_wconf 89' lang='lat' dir='ltr'><strong>laquearia</strong></span> <span class='ocrx_word' id='word_1_200' title='bbox 1048 3363 1130 3426; x_wconf 91' lang='lat' dir='ltr'><strong>citro</strong></span> <span class='ocrx_word' id='word_1_201' title='bbox 1157 3374 1191 3427; x_wconf 86' lang='lat' dir='ltr'><strong>et</strong></span> <span class='ocrx_word' id='word_1_202' title='bbox 1217 3365 1318 3430; x_wconf 90' lang='lat' dir='ltr'><strong>ebore</strong></span> 
     </span>
     <span class='ocr_line' id='line_1_29' title="bbox 267 3464 1318 3547; baseline 0.004 -18"><span class='ocrx_word' id='word_1_203' title='bbox 267 3465 395 3529; x_wconf 91' lang='lat' dir='ltr'><strong>curiose</strong></span> <span class='ocrx_word' id='word_1_204' title='bbox 412 3473 530 3527; x_wconf 87' lang='lat' dir='ltr'><strong>cauata</strong></span> <span class='ocrx_word' id='word_1_205' title='bbox 547 3464 689 3526; x_wconf 92' lang='lat' dir='ltr'><strong>subeunt</strong></span> <span class='ocrx_word' id='word_1_206' title='bbox 706 3484 825 3526; x_wconf 86' lang='lat' dir='ltr'><strong>aureae</strong></span> <span class='ocrx_word' id='word_1_207' title='bbox 843 3465 1025 3541; x_wconf 91' lang='lat' dir='ltr'><strong>columnae,</strong></span> <span class='ocrx_word' id='word_1_208' title='bbox 1039 3467 1184 3547; x_wconf 88' lang='lat' dir='ltr'><strong>parietes</strong></span> <span class='ocrx_word' id='word_1_209' title='bbox 1201 3489 1318 3534; x_wconf 88' lang='lat' dir='ltr'><strong>omnes</strong></span> 
     </span>
     <span class='ocr_line' id='line_1_30' title="bbox 266 3567 1318 3654; baseline 0.004 -21"><span class='ocrx_word' id='word_1_210' title='bbox 266 3579 426 3652; x_wconf 86' lang='lat' dir='ltr'><strong>argenteo</strong></span> <span class='ocrx_word' id='word_1_211' title='bbox 460 3567 642 3630; x_wconf 89' lang='lat' dir='ltr'><strong>caelamine</strong></span> <span class='ocrx_word' id='word_1_212' title='bbox 677 3577 908 3648; x_wconf 87' lang='lat' dir='ltr'><strong>conteguntur,</strong></span> <span class='ocrx_word' id='word_1_213' title='bbox 942 3569 1056 3632; x_wconf 90' lang='lat' dir='ltr'><strong>bestiis</strong></span> <span class='ocrx_word' id='word_1_214' title='bbox 1094 3580 1127 3633; x_wconf 92' lang='lat' dir='ltr'><strong>et</strong></span> <span class='ocrx_word' id='word_1_215' title='bbox 1165 3573 1318 3654; x_wconf 85' lang='lat' dir='ltr'><strong>setigeris</strong></span> 
     </span>
     <span class='ocr_line' id='line_1_31' title="bbox 267 3671 1319 3756; baseline 0.005 -19"><span class='ocrx_word' id='word_1_216' title='bbox 267 3673 450 3756; x_wconf 87' lang='lat' dir='ltr'><strong>pecudibus</strong></span> <span class='ocrx_word' id='word_1_217' title='bbox 486 3671 734 3735; x_wconf 89' lang='lat' dir='ltr'><strong>occurrentibus</strong></span> <span class='ocrx_word' id='word_1_218' title='bbox 765 3672 807 3734; x_wconf 96' lang='lat' dir='ltr'><strong>ob</strong></span> <span class='ocrx_word' id='word_1_219' title='bbox 839 3693 875 3734; x_wconf 93' lang='lat' dir='ltr'><strong>os</strong></span> <span class='ocrx_word' id='word_1_220' title='bbox 905 3672 1152 3738; x_wconf 84' lang='lat' dir='ltr'><strong>introeuntium.</strong></span> <span class='ocrx_word' id='word_1_221' title='bbox 1214 3677 1319 3742; x_wconf 90' lang='lat' dir='ltr'><strong>mirus</strong></span> 
     </span>
    </p>
   </div>
   <div class='ocr_carea' id='block_1_5' title="bbox 0 0 1482 4236">
    <p class='ocr_par' dir='ltr' id='par_1_7' title="bbox 0 0 1482 4236">
     <span class='ocr_line' id='line_1_32' title="bbox 0 0 1482 4236; baseline 0 0"><span class='ocrx_word' id='word_1_222' title='bbox 0 0 1482 4236; x_wconf 95' lang='lat' dir='ltr'><strong> </strong></span> 
     </span>
    </p>
   </div>
  </div>
 </body>
</html>
