2926 4232
656 311 777 360 vnnno
1226 301 1268 381 63

182 464 251 518 Anu
264 467 304 518 tlte
314 440 462 536 funeralis
475 466 621 518 concluded
635 465 691 517 witi
706 466 747 518 tle
761 465 876 535 question
890 466 1045 534 apparently
1056 474 1098 534 pet
1114 467 1249 520 unseltled.

166 589 240 651 125.
319 573 421 634 funus
437 572 602 654 exequiati
618 567 802 634 stantes'ad
818 572 1007 653 sepulcrum
1024 572 1160 654 antiquo
1177 593 1268 636 more

275 676 476 739 silicernium
493 675 708 751 confecimus,
728 675 760 738 id
777 685 828 738 est
844 669 1057 757 περίδειπνον,
1071 675 1142 759 quo'
1154 677 1268 758 pransi

275 780 485 843 discedentes
501 779 641 843 dicimus
657 779 741 842 alius
757 779 812 842 alii
829 779 942 842 ‘uale’
1102 822 1175 875 Non.
1188 821 1230 886 43,
1246 836 1267 891 5,

654 1047 782 1092 MODIVS

204 1149 342 1214 Petrullus
354 1149 420 1201 need
432 1157 475 1201 not
488 1149 548 1200 look
560 1158 587 1201 ot
600 1149 640 1201 tle
652 1149 723 1212 boul,
738 1148 767 1216 if
773 1148 806 1200 its
819 1148 957 1201 theatrisui
969 1149 1034 1218 style
1046 1149 1150 1219 offendo
1162 1150 1224 1202 iim.

165 1262 239 1325 126.
274 1259 342 1335 sed,
359 1251 379 1320 ὀ
397 1259 548 1333 Petrulle‚
566 1259 608 1321 ne
625 1278 736 1321 meum
752 1257 837 1320 taxls
853 1258 982 1335 librum,

274 1363 302 1426 si
316 1363 350 1426 te‘
368 1362 536 1445 trepigrat
551 1363 633 1426 haec
650 1363 748 1424 modo
765 1360 916 1426 scenitili

926 1449 1001 1502 Non.
1020 1447 1078 1514 176.
1096 1463 1143 1518 ¹53
1166 1449 1224 1501 180.
1239 1449 1266 1502 6.

164 1564 210 1628 Or,
225 1564 254 1634 if
266 1565 297 1644 le
315 1564 434 1632 scruples
452 1564 529 1616 about
547 1563 676 1632 tirowinp
693 1563 713 1614 it
729 1563 816 1630 bodilp
833 1562 887 1616 into
904 1564 945 1614 tlte
963 1581 1016 1626 seo,
1036 1565 1067 1616 lte
1087 1582 1146 1632 ruap
1158 1566 1267 1634 applpo

281 1652 344 1704 little
357 1661 435 1703 water
448 1659 472 1703 to
485 1651 535 1703 blot
548 1659 591 1703 out
605 1651 645 1702 tlte
658 1650 801 1718 especially
814 1651 998 1718 objectionable
1009 1668 1145 1720 pussapes.

165 1775 239 1836 127.
274 1757 302 1822 si
317 1755 503 1839 displicebit
519 1755 586 1819 tim
602 1756 662 1819 tibi
679 1753 780 1819 latdm
799 1776 899 1832 mare,

273 1863 390 1944 parces
405 1871 497 1924 tuam
513 1871 584 1924 tum
602 1858 788 1941 spdngeam
806 1860 994 1922 deletilem?
1081 1919 1155 1970 Non.
1168 1916 1211 1987 9⁶·
1229 1932 1257 1969 η

426 2057 514 2110 Better
526 2058 566 2109 tlte
579 2057 644 2108 rude
656 2057 721 2126 porb
734 2055 768 2124 of
774 2057 814 2108 rte
827 2056 1002 2124 philosopher,

164 2166 239 2230 128.
317 2164 405 2246 quod
429 2173 501 2226 tum
526 2173 622 2225 erant
646 2162 680 2225 in
707 2161 847 2226 Graecia
872 2182 967 2225 coma
993 2164 1165 2245 promissa,
1192 2186 1266 2227 rasa

272 2268 384 2343 barba,
402 2267 502 2349 pallia
517 2268 697 2330 trahentes
1064 2296 1136 2348 Non,
1151 2295 1210 2363 362,
1225 2296 1259 2348 25

165 2443 237 2506 129.
273 2426 332 2488 sed
347 2424 473 2510 cynicis
489 2424 695 2487 inuolucrum
712 2433 746 2486 et
762 2423 900 2505 pallium
916 2425 1042 2487 luteum
1059 2447 1126 2488 non
1142 2438 1201 2489 est.

1055 2529 1130 2579 Non.
1146 2542 1205 2597 549.
1224 2528 1264 2580 18.

377 2630 456 2683 Tltan
470 2631 510 2682 tle
517 2630 613 2699 flimsp
621 2629 740 2698 sopperp
753 2629 788 2697 os
795 2629 834 2680 tle
848 2630 920 2681 oller
931 2639 1052 2682 extreme.

166 2756 239 2814 13ο.
316 2758 415 2820 quam
432 2748 558 2800 storum
575 2755 715 2818 quorum
732 2735 857 2798 uitreae
875 2745 975 2816 togae
995 2747 1165 2800 ostentant
1184 2739 1267 2801 tuni-

200 2833 202 2838 ’
272 2862 331 2905 cae
347 2842 469 2904 clauos.
920 2869 993 2920 Non.
1007 2867 1067 2931 448.
1081 2868 1130 2934 ²83
1152 2868 1210 2936 53⁶·
1227 2883 1265 2934 17.

452 3027 542 3080 Better
554 3028 594 3079 the
608 3035 699 3078 utmost
712 3027 851 3095 simplicitp
865 3027 975 3096 ossood,

166 3154 239 3211 131.
317 3155 391 3197 asse
418 3134 542 3209 uinum,
569 3153 644 3196 asse
672 3133 939 3214 pulmentarium,
971 3135 1134 3197 secundas
1165 3156 1265 3217 quom

273 3248 391 3300 natura
406 3238 585 3319 aurigatur,
602 3258 670 3301 non
686 3237 898 3300 necessitudo
923 3287 928 3299 .
956 3287 962 3300 .
988 3288 994 3300 .

925 3341 1000 3392 Non.
1016 3353 1058 3405 70.
1077 3354 1123 3406 143
1144 3356 1205 3410 353.
1221 3356 1264 3409 32.

310 3442 336 3494 T
334 3445 387 3496 lton
399 3445 439 3496 tie
448 3443 514 3512 fare
527 3444 562 3512 of
568 3445 637 3496 tlrose
651 3445 732 3496 wltose
747 3444 794 3513 lise
807 3444 896 3512 linpes
910 3461 943 3494 on
957 3445 997 3495 tle
1011 3443 1120 3496 litcleen.

167 3568 239 3626 132.
316 3560 350 3612 et
363 3551 425 3614 hoc
437 3550 575 3614 interest
587 3551 674 3613 inter
689 3551 870 3632 Epicurum
888 3560 921 3612 et
937 3571 1108 3630 ganeones
1125 3562 1264 3623 nostros

272 3654 393 3736 quibus
410 3655 562 3718 modulus
579 3665 629 3718 est
646 3655 734 3718 uitae
751 3654 867 3718 colina.
954 3697 1028 3748 Non·
1043 3709 1083 3763 55·
1101 3695 1147 3761 [ὃς
1170 3709 1226 3764 119·
1241 3696 1265 3747 8.
