2926 4232
634 322 754 372 VARRO

549 476 604 529 Pte
616 477 718 546 qenest's
731 477 846 546 ossonq.

145 603 219 666 161.
253 599 357 682 patris
374 599 472 662 huius
489 609 672 663 nascuntur
688 601 782 682 pueri
800 602 991 687 Rhythmus
1008 614 1041 666 et
1060 605 1176 668 Melos.

1034 707 1109 759 Non.
1125 720 1185 775 213.
1203 722 1243 760 10.

381 796 436 849 Tte
448 797 592 866 differente
605 797 714 849 between
727 813 826 866 poema
839 799 894 850 aad
907 799 1007 867 poesis.

145 919 219 983 162.
297 936 418 998 poema
441 925 493 978 est
517 915 598 979 lexis
624 917 853 1000 enrhythmoS,
878 917 911 980 id
939 929 989 981 est
1016 920 1119 983 uerba
1150 922 1245 1003 plura

253 1019 381 1084 modice
405 1020 439 1082 in
463 1020 631 1102 quandam
656 1019 807 1083 coniecta
830 1021 982 1097 formam,
1008 1023 1118 1106 itaque
1146 1025 1244 1088 etiam

253 1124 418 1188 distichon
442 1124 720 1206 epigrammation
740 1134 863 1187 uocant
885 1146 1012 1206 poema.
1061 1129 1171 1209 poesis
1195 1140 1246 1192 est

230 1279 231 1282 η
253 1238 450 1310 perpetuum
464 1237 700 1310 argumentum
713 1248 753 1290 ex
769 1229 942 1312 rhythmis,
956 1240 992 1292 ut
1010 1231 1088 1293 Ilias
1106 1233 1245 1312 Homeri

205 1358 218 1412 5
254 1342 287 1396 et
304 1332 447 1395 Annalis
465 1331 563 1394 Enni.
611 1331 740 1413 poetice
756 1341 807 1395 est
823 1353 876 1395 ars
893 1353 1007 1396 earum
1023 1354 1141 1398 rerum.

163 1429 199 1456 ³²
261 1441 262 1444 ’
600 1457 603 1462 ·
1060 1438 1246 1502 Non428.6.

148 1537 203 1590 Tlte
216 1538 411 1590 characteristic
424 1538 568 1590 excellence
580 1537 615 1606 of
622 1539 686 1590 eaclt
699 1536 735 1607 of
741 1537 781 1590 tlte
795 1538 863 1590 tltree
876 1547 952 1607 preat
967 1538 1073 1592 Romen
1089 1542 1246 1594 eomedions.

147 1660 220 1734 163.
298 1657 468 1740 inquibus
485 1655 635 1738 partibus
652 1656 685 1718 in
703 1657 908 1738 argumentis
927 1659 1090 1722 Caecilius
1107 1661 1215 1741 poscit

254 1761 409 1843 palmam,
427 1759 462 1823 in
478 1755 590 1838 ἤθεσιν
605 1760 792 1836 Terentius,
810 1760 844 1822 in
861 1763 1068 1826 sermonibus
1086 1764 1229 1826 Plautus.

169 1860 171 1864 ’
1053 1866 1128 1918 Non.
1143 1879 1204 1933 374.
1219 1865 1244 1918 6.

545 2039 624 2085 ΠΕΡΙ
648 2038 851 2086 ΕΔΕΣΜΑΤΩΝ

148 2156 221 2233 164.
302 2151 366 2238 [M.
380 2155 489 2219 Varro
501 2154 535 2216 in
549 2164 661 2217 satura
674 2175 774 2237 quam
787 2151 862 2237 περὶ
879 2149 1065 2232 ἐδεσμάτων
1080 2157 1247 2240 inscripsit

254 2258 364 2340 lepide
389 2259 568 2321 admodum
600 2267 633 2320 et
664 2258 745 2321 scite
776 2259 876 2322 factis
907 2261 1058 2323 uersibus
1089 2282 1246 2326 cenarum

167 2414 171 2429 t
227 2441 229 2447 Ι
254 2362 401 2424 ciborum
409 2359 509 2446 [que]
525 2361 705 2444 exquisitas
718 2362 854 2425 delicias
867 2365 1128 2445 comprehendit.
1168 2388 1245 2429 nam

254 2465 412 2548 pleraque
436 2466 469 2528 id
493 2485 610 2546 genus,
635 2485 721 2548 quae
746 2466 895 2529 elluones
920 2467 974 2530 isti
997 2478 1085 2531 terra
1108 2479 1141 2532 et
1164 2471 1246 2532 mari

205 2595 219 2648 5
253 2569 463 2652 conquirunt,
480 2569 634 2651 exposuit
650 2569 849 2652 inclusitque
865 2570 898 2632 in
916 2555 1075 2635 numeros¹
1088 2574 1244 2636 senarios.

253 2683 288 2736 et
310 2673 401 2755 ipsos
424 2674 558 2756 quidem
582 2693 708 2749 uersus,
726 2673 779 2736 cui
803 2674 905 2737 otium
929 2675 1000 2750 erit,
1017 2676 1050 2738 in
1074 2677 1157 2740 libro
1181 2699 1246 2759 quo

254 2777 320 2840 dixi
336 2777 462 2859 positos
479 2778 587 2858 legat,
612 2797 738 2858 genera
754 2788 865 2840 autem
882 2779 1083 2861 nominaque
1100 2782 1245 2843 edulium

254 2891 287 2943 et
303 2881 469 2944 domicilia
488 2881 637 2944 ciborum
659 2882 812 2944 omnibus
834 2882 906 2944 aliis
930 2884 1142 2963 praestantia,
1161 2907 1246 2966 quae

254 2985 422 3066 profunda
437 2985 603 3066 ingluuies
619 2985 807 3066 uestigauit,
819 3007 904 3067 quae
917 2989 1024 3050 Varro
1041 2988 1246 3069 obprobrans

189 3116 219 3152 ιο
254 3063 412 3152 executus
428 3098 487 3164 est,
506 3089 588 3151 haec
606 3099 683 3151 sunt
699 3090 813 3164 ferme,
832 3100 993 3171 quantum
1010 3092 1105 3154 nobis
1127 3114 1247 3156 memo-

254 3193 321 3256 riae
353 3202 421 3255 est:
455 3213 562 3274 pauus
590 3213 608 3254 e
641 3193 751 3268 Sam0,
779 3194 923 3277 Phrygia
954 3204 1120 3274 attagena,
1147 3217 1246 3277 grues

256 3296 407 3372 Melicae,
426 3297 554 3359 haedus
578 3317 618 3358 ex
641 3296 831 3372 Ambracia,
849 3298 989 3379 pelamis
1011 3299 1245 3376 Chalcedonia,

228 3411 230 3414 ’
253 3421 392 3462 murena
415 3400 595 3476 Tartessia,
618 3400 713 3462 aselli
737 3401 945 3477 Pessinuntii,
967 3412 1077 3464 ostrea
1100 3405 1245 3479 Tarenti,

254 3505 473 3586 pectunculus
505 3501 535 3587 [.
562 3554 567 3565 .
595 3502 640 3588 .],
671 3504 788 3586 helops
818 3506 976 3581 Rhodius,
1006 3506 1090 3569 scari
1118 3507 1246 3584 Cilices,

189 3633 217 3686 15
252 3627 356 3671 nuces
380 3608 534 3682 Thasiae,
560 3608 671 3689 palma
695 3608 876 3692 Aegyptia,
902 3610 998 3688 glans
1024 3611 1190 3674 Hiberica.

961 3710 1097 3762 Gell.V1.
1115 3709 1156 3762 16.
1173 3711 1244 3780 1—5.]
