2926 4232
190 304 234 368 86
453 317 665 370 montanus
688 320 733 369 or
757 319 882 368 nonan
906 319 1031 368 sanna

242 494 296 538 ras
320 477 489 540 haberent.
539 475 664 538 ‘Iliada
687 486 720 539 et
745 475 934 560 Odyssian'
957 475 1064 557 inquit
1084 482 1141 539 ‘ac
1167 476 1298 538 Laena-

241 579 284 642 tis
311 580 543 662 gladiatorium
569 581 710 642 munus!
783 597 836 656 30.
867 599 934 643 non
958 579 1078 643 licebat
1102 580 1297 643 multaciam

242 683 452 748 considerare

286 911 346 955 nos
370 890 435 954 iam
459 891 502 954 ad
525 891 702 955 triclinium
727 911 994 988 perueneramus,
1019 892 1054 955 in
1079 892 1172 955 cuius
1198 902 1297 974 parte

204 1024 217 1072 5
242 995 349 1077 prima
381 1004 575 1077 procurator
601 994 746 1058 rationes
777 995 969 1077 accipiebat.
1017 1005 1051 1058 et
1081 997 1170 1078 quod
1202 1017 1297 1078 prae-

242 1099 339 1180 cipue
361 1099 498 1161 miratus
514 1119 596 1174 sum,
614 1099 648 1160 in
665 1098 815 1180 postibus
831 1099 964 1162 triclinii
979 1100 1089 1162 fasces
1105 1109 1200 1163 erant
1216 1121 1296 1163 cum

242 1203 412 1266 securibus
443 1203 506 1278 fixi,
535 1223 675 1284 quorum
703 1223 803 1265 unam
837 1213 966 1285 partem
997 1203 1093 1285 quasi
1123 1203 1296 1266 embolum

242 1307 336 1369 nauis
360 1327 500 1369 aeneum
525 1306 669 1382 finiebat,
688 1307 720 1368 in
744 1327 809 1388 quo
833 1317 904 1370 erat
923 1307 1100 1388 scriptum:
1126 1307 1179 1371 ‘C.
1201 1309 1297 1370 Pom-

242 1410 317 1493 peio
334 1410 581 1485 Trimalchioni,
593 1411 703 1473 seuiro
719 1411 908 1492 Augustali,
923 1410 1107 1474 Cinnamus
1123 1411 1297 1492 dispensa-

190 1543 218 1576 ιο
241 1516 312 1578 tor.'
360 1515 420 1577 sub
446 1515 562 1577 eodem
586 1515 682 1577 titulo
706 1524 738 1577 et
762 1514 897 1578 lucerna
920 1515 1085 1600 bilychnis
1102 1515 1143 1578 de
1160 1535 1296 1578 camera

242 1619 418 1701 pendebat,
437 1629 470 1681 et
488 1619 574 1681 duae
593 1619 725 1681 tabulae
741 1618 775 1680 in
792 1628 932 1701 utroque
949 1629 1045 1700 poste
1061 1619 1197 1694 defixae,
1215 1640 1296 1701 qua-

241 1743 314 1785 rum
340 1723 452 1797 altera,
479 1722 507 1784 si
532 1722 618 1785 bene
646 1722 789 1797 memini,
814 1723 877 1785 hoc
904 1723 1049 1785 habebat
1075 1722 1294 1804 inscriptum:

243 1828 327 1889 ‘Ill.
346 1836 379 1889 et
396 1826 501 1908 pridie
518 1826 679 1888 kalendas
697 1825 870 1887 lanuarias
887 1826 922 1890 C.
939 1835 1052 1889 noster
1064 1827 1155 1890 foras
1171 1829 1291 1902 cenat,'

242 1930 345 1993 altera
368 1929 466 1992 lunae
487 1949 619 1992 cursum
641 1930 877 2011 stellarumque
899 1939 1029 2011 septem
1048 1929 1211 2011 imagines
1228 1930 1294 2012 pic·

190 2061 216 2106 15
241 2044 310 2111 tas;
336 2044 368 2096 et
391 2033 448 2116 qui
471 2033 541 2096 dies
564 2034 643 2095 boni
666 2033 788 2116 quique
812 2033 1012 2097 incommodi
1035 2043 1156 2109 essent,
1180 2034 1294 2097 distin-

241 2148 365 2219 guente
381 2138 471 2200 bulla
487 2137 696 2200 notabantur.

285 2242 336 2304 his
358 2241 475 2323 repleti
496 2241 724 2322 uoluptatibus
745 2260 821 2304 cum
842 2261 1039 2304 conaremur
1058 2242 1090 2303 in
1114 2241 1292 2305 triclinium

241 2346 372 2420 intrare,
398 2345 595 2408 exclamauit
617 2365 704 2408 unus
727 2365 767 2408 ex
791 2345 911 2426 pueris,
937 2347 993 2428 qui
1016 2366 1117 2427 super
1140 2347 1201 2408 hoc
1226 2345 1293 2408 offi-

241 2450 327 2512 cium
344 2459 415 2512 erat
432 2449 577 2530 positus:
605 2449 738 2511 ‘dextro
755 2450 861 2530 pede)
908 2450 979 2512 sine
999 2450 1100 2513 dubio
1122 2449 1293 2532 paulisper

189 2583 217 2614 ω
240 2553 489 2635 trepidauimus,
508 2573 564 2615 'ne
599 2562 714 2615 contra
745 2563 960 2635 praeceptum
992 2553 1109 2636 aliquis
1140 2563 1292 2617 nostrum

228 2659 340 2720 ,limen
364 2657 528 2720 transiret.
583 2666 731 2720 ceterum
758 2666 794 2719 ut
822 2657 944 2738 pariter
968 2657 1133 2720 mouimus
1159 2658 1292 2720 dextros

241 2783 384 2843 gressus,
414 2781 530 2824 seruus
558 2760 653 2824 nobis
680 2760 885 2842 despoliatus
916 2761 1091 2843 procubuit
1118 2761 1159 2823 ad
1188 2762 1292 2842 pedes

241 2887 278 2928 ac
306 2886 424 2946 rogare
451 2865 569 2946 coepit,
595 2875 631 2927 ut
658 2885 694 2928 se
722 2885 849 2946 poenae
878 2865 1101 2946 eriperemus:
1133 2886 1195 2929 nec
1227 2887 1292 2928 ma·

241 2991 343 3051 gnum
379 2989 452 3032 esse
487 2979 661 3050 peccatum
696 2989 801 3044 suum,
836 2979 972 3050 propter
1005 2970 1095 3051 quod
1130 2970 1292 3051 periclita-

188 3103 215 3148 25
240 3084 348 3136 retur:
388 3073 551 3136 subducta
589 3073 676 3136 enim
716 3073 778 3135 sibi
816 3073 1014 3136 uestimenta
1052 3073 1291 3155 dispensatoris

241 3179 273 3240 in
298 3178 425 3252 balneo,
451 3197 535 3259 quae
559 3177 614 3239 uix
637 3176 780 3239 luissent
803 3176 919 3240 decem
944 3177 1180 3240 sestertiorum.
1230 3188 1291 3240 ret-

240 3283 375 3344 tulimus
400 3301 480 3362 ergo
506 3281 637 3344 dextros
663 3281 766 3362 pedes
792 3280 1123 3362 dispensatoremque
1148 3281 1181 3342 in
1207 3282 1290 3343 atrio

240 3405 358 3449 aureos
383 3394 613 3448 numerantem
641 3383 810 3466 deprecati
837 3405 960 3460 sumus,
989 3395 1025 3446 ut
1056 3405 1153 3446 seruo
1184 3385 1291 3446 remit-

239 3501 324 3555 teret
351 3510 502 3572 poenam.
558 3489 721 3570 superbus
749 3488 803 3550 ille
831 3489 962 3551 sustulit
989 3489 1116 3550 uultum
1146 3497 1179 3550 et
1203 3493 1290 3551 ‘non

187 3627 217 3670 30
240 3606 308 3657 tam
336 3594 462 3656 iactura
489 3611 541 3652 me
569 3592 699 3654 mouet'
725 3590 832 3672 inquit
858 3596 978 3672 ‘quam
1005 3591 1209 3672 negligentia
1236 3612 1291 3655 ne-

240 3695 390 3778 quissimi
406 3693 502 3756 serui.
548 3693 746 3756 uestimenta
762 3713 836 3755 mea
854 3694 1013 3757 cubitoria
1034 3694 1186 3775 perdidit,
1203 3715 1290 3777 quae
