2934 4236
187 308 244 370 108
445 315 655 368 FRAGMENTS
678 315 723 367 on
746 315 872 368 nounu
895 315 1021 368 snmus

235 472 266 540 by
281 489 298 524 a
315 471 382 540 lipsy
396 472 489 540 speecb
506 472 667 542 coucerniny
683 471 723 524 lu's
740 490 797 526 own
815 472 919 541 history,
929 472 1030 541 finally
1047 473 1231 542 comatuudbrp
1244 472 1285 524 bis

233 558 349 627 fresnel
361 567 386 612 to
398 559 427 611 be
440 560 514 612 made
527 561 610 627 ready
622 577 652 612 us
664 561 759 628 lboupb
773 561 803 612 lte
816 577 881 612 were
894 561 971 612 dead.
1008 559 1062 612 Tire
1075 560 1286 628 accompanyiny

235 662 334 714 uprour
346 645 368 698 is
380 663 409 698 so
420 655 495 715 preat
510 647 563 698 Μαι
579 648 619 699 tlte
635 647 805 716 neipbboriny
820 647 1044 716 rripit-walehusen
1061 647 1134 698 elink-
1149 648 1188 698 tle
1205 648 1285 698 house

234 733 305 785 ison
314 733 378 802 fire,
392 734 447 785 ond
461 733 541 785 break
558 733 586 784 in
603 734 644 786 tlte
661 735 754 797 doors;
776 735 831 786 oud
847 734 875 785 in
893 735 933 786 tle
949 734 1076 802 resultinp
1088 733 1228 802 confusion
1244 735 1285 786 tlte

234 821 303 872 three
313 820 432 889 friends,
446 820 506 872 with
520 821 560 872 tbe
572 820 731 873 rhetoriciun
744 819 768 872 A
773 837 935 890 yumemnon,
948 821 1023 873 mulce
1036 820 1103 873 tbeir
1114 837 1217 890 escape.

278 1007 331 1070 75.
358 1001 434 1074 post
457 992 520 1055 hoc
544 992 672 1054 fulmen
690 991 868 1055 Habinnas
886 1012 1003 1073 rogare
1022 991 1142 1074 coepit,
1160 1002 1196 1054 ut
1218 991 1285 1054 iam

234 1094 402 1158 desineret
422 1095 520 1159 irasci
540 1105 574 1158 et
594 1097 729 1159 ‘nemo'
750 1095 857 1178 inquit
877 1102 1045 1159 ‘nostrum
1066 1117 1133 1159 non
1156 1105 1283 1178 peccat.

235 1198 386 1262 homines
408 1220 531 1275 sumus,
549 1220 616 1262 non
636 1198 709 1262 dei!
756 1199 844 1262 idem
867 1210 901 1262 et
924 1199 1075 1264 Scintilla
1098 1200 1181 1263 flens
1204 1199 1286 1262 dixit

234 1322 272 1366 ac
296 1322 356 1384 per
378 1298 514 1384 genium
535 1303 606 1366 eius
624 1303 744 1368 Gaium
760 1304 961 1385 appellando
978 1323 1095 1385 rogare
1111 1303 1231 1386 coepit,
1248 1313 1286 1366 ut

195 1436 209 1482 5
234 1427 269 1469 se
292 1407 471 1487 frangeret.
520 1427 588 1469 non
611 1407 717 1470 tenuit
740 1407 827 1469 ultra
851 1407 1003 1470 lacrimas
1027 1407 1228 1470 Trimalchio
1251 1417 1285 1470 et

235 1511 346 1590 ‘rogo’
365 1510 471 1592 inquit
494 1511 680 1586 ‘Habinna
698 1510 745 1574 sic
769 1511 935 1592 peculium
956 1520 1051 1574 tuum
1074 1510 1284 1574 fruniscaris:

234 1614 261 1676 si
277 1613 356 1696 quid
373 1634 549 1696 perperam
566 1614 640 1689 feci,
658 1615 691 1676 in
708 1615 828 1677 faciem
845 1635 953 1677 meam
970 1614 1097 1696 inspue.
1142 1635 1285 1696 puerum

233 1717 361 1780 basiaui
388 1718 659 1798 frugalissimum,
688 1739 756 1781 non
785 1728 922 1800 propter
948 1719 1100 1794 formam,
1124 1719 1183 1781 sed
1207 1717 1285 1800 quia

233 1821 324 1902 frugi
350 1831 419 1885 est:
451 1822 567 1884 decem
596 1832 709 1902 partes
735 1822 823 1896 dicit,
852 1823 972 1885 librum
999 1822 1041 1885 ab
1068 1822 1164 1885 oculo
1192 1821 1283 1903 legit,

182 1954 209 1985 ιο
233 1925 417 1988 thraecium
435 1925 496 1988 sibi
515 1926 557 1988 de
573 1925 684 1988 diariis
708 1926 798 2000 fecit,
816 1926 1038 1989 archisellium
1054 1925 1096 1988 de
1113 1945 1173 1988 suo
1192 1945 1286 2007 para-

233 2028 281 2091 uit
307 2038 341 2091 et
368 2029 451 2091 duas
481 2029 606 2092 trullas.
654 2050 721 2092 non
752 2039 803 2092 est
833 2029 956 2111 dignus
986 2050 1084 2112 quem
1115 2029 1148 2091 in
1180 2029 1284 2092 oculis

233 2133 361 2195 feram?
406 2133 465 2195 sed
498 2134 683 2196 Fortunata
713 2143 812 2196 uetat.
861 2133 907 2196 ita
936 2133 996 2196 tibi
1025 2133 1164 2209 uidetur,
1193 2133 1286 2196 fulci-

233 2236 352 2318 pedia?
398 2237 531 2312 suadeo,
556 2237 681 2300 bonum
704 2247 798 2300 tuum
822 2257 1019 2319 concoquas,
1044 2237 1154 2312 milua,
1174 2246 1208 2299 et
1231 2257 1285 2300 me

233 2362 300 2403 non
323 2340 428 2404 facias
453 2340 648 2422 ringentem,
671 2341 916 2404 amasiuncula:
940 2340 1084 2422 alioquin
1106 2340 1285 2422 experieris

182 2475 207 2519 15
233 2445 405 2507 cerebrum
422 2465 541 2507 meum.
582 2443 669 2507 nosti
686 2465 754 2507 me:
779 2445 869 2526 quod
886 2445 987 2507 semel
1003 2444 1175 2520 destinam,
1188 2445 1285 2508 clauo

232 2547 375 2610 tabulari
405 2549 505 2610 fixum
533 2558 592 2611 est.
645 2549 704 2610 sed
735 2548 886 2611 uiuorum
918 2548 1172 2611 meminerimus.
1223 2569 1285 2611 uos

233 2673 324 2734 rogo,
342 2652 448 2728 amici,
466 2662 502 2715 ut
518 2651 613 2714 uobis
633 2653 780 2714 suauiter
796 2653 846 2715 sit.
894 2673 971 2714 nam
987 2672 1051 2733 ego
1067 2673 1199 2734 quoque
1215 2661 1284 2714 tam

233 2756 283 2819 fui
309 2777 409 2838 quam
435 2776 496 2818 uos
524 2756 612 2831 estis
640 2756 698 2818 sed
725 2756 847 2819 uirtute
874 2776 948 2818 mea
976 2758 1017 2818 ad
1045 2757 1107 2818 hoc
1135 2755 1282 2837 perueni.

233 2860 401 2923 corcillum
425 2870 476 2923 est
500 2860 588 2942 quod
612 2859 763 2922 homines
786 2860 876 2935 facit,
894 2870 1005 2923 cetera
1026 2859 1202 2942 quisquilia
1218 2881 1285 2922 om-

181 2990 209 3020 20
233 2964 296 3026 nia.
345 2963 457 3026 “bene
481 2984 564 3038 emo,
585 2964 671 3027 bene
694 2965 848 3040 uendo”;
873 2963 956 3026 alius
980 2964 1044 3026 alia
1067 2963 1162 3027 uobis
1185 2963 1282 3027 dicet.

233 3067 391 3131 felicitate
413 3067 546 3130 dissilio.
593 3077 629 3130 tu
646 3078 768 3143 autem,
786 3067 929 3143 sterteia,
946 3067 1127 3130 etiamnum
1148 3067 1283 3149 ploras?

232 3171 297 3234 iam
321 3171 454 3245 curabo,
477 3172 584 3234 fatum
607 3181 701 3235 tuum
726 3172 843 3254 plores.
891 3172 959 3247 sed,
982 3181 1018 3235 ut
1041 3191 1216 3253 coeperam
1239 3170 1285 3233 di-

233 3295 317 3350 cere,
331 3277 372 3338 ad
386 3276 473 3338 hanc
486 3295 539 3338 me
552 3277 720 3338 fortunam
734 3276 909 3357 frugalitas
922 3295 996 3338 mea
1010 3275 1169 3357 perduxit.
1214 3285 1283 3338 tam

234 3400 375 3460 magnus
400 3400 440 3442 ex
463 3379 547 3442 Asia
572 3380 658 3456 ueni,
684 3400 783 3462 quam
809 3379 862 3442 hic
887 3379 1105 3442 candelabrus
1130 3389 1190 3442 est.
1240 3378 1284 3442 ad

180 3513 208 3560 ας
233 3505 406 3559 summam,
424 3483 570 3566 quotidie
586 3504 639 3546 me
656 3484 804 3547 solebam
821 3484 863 3546 ad
882 3484 975 3546 illum
994 3483 1110 3559 metiri,
1128 3493 1161 3546 et
1179 3492 1216 3546 ut
1234 3502 1285 3546 ce·

233 3587 332 3650 lerius
345 3596 488 3650 rostrum
501 3586 675 3649 barbatum
689 3587 857 3662 haberem,
871 3588 962 3650 labra
975 3589 1016 3650 de
1032 3587 1167 3650 lucerna
1182 3606 1284 3668 unge-

233 3689 318 3752 bam.
358 3699 470 3752 tamen
487 3689 529 3751 ad
545 3689 680 3752 delicias
698 3687 857 3774 [femina]
875 3690 985 3771 ipsimi
1001 3687 1160 3775 [domini]
1177 3710 1283 3753 annos
