2934 4236
204 313 265 380 174
465 305 676 354 FRAGMENTS
699 305 744 356 OF
767 303 893 354 ROMAN
916 303 1042 353 SATIRE

252 466 415 529 dieculam
432 463 607 528 sufficiens.
656 483 734 526 nam
750 462 839 544 quod
852 461 976 538 habuit,
994 462 1074 526 dum
1090 464 1193 526 filium
1210 477 1304 529 curat

252 579 433 651 aegrotum,
451 567 659 650 consumpsit
675 577 775 649 atque
795 565 950 629 contriuit
969 568 1087 630 omne)
1135 568 1193 631 sed
1214 569 1303 632 haud

251 672 458 736 immaturius
474 672 598 748 redito;
621 671 697 754 quia
714 690 767 733 me
783 689 920 734 necesse
937 679 989 733 est
1003 669 1150 734 indidem
1167 672 1303 736 delitam

211 773 214 780 ⁴
251 777 419 840 theatrum
436 776 572 839 deorum
589 775 822 858 frequentare!

214 911 228 958 ς
298 897 349 959 17.1
375 890 454 944 tunc
477 880 605 964 Psyche
627 879 680 942 uel
702 878 843 942 maxime
868 878 972 941 sensit
995 878 1126 942 ultimas
1150 881 1304 944 fortunas

252 1005 338 1060 suaa,
364 994 397 1047 et
420 985 610 1048 uelamento
638 983 759 1046 reiecto
784 982 827 1044 ad
855 991 1047 1064 promptum
1071 982 1204 1046 exitium
1229 1005 1303 1048 sese

252 1087 406 1170 compelli
422 1087 600 1150 manifeste
619 1085 789 1168 comperit.
837 1084 975 1167 quidni?
1020 1106 1106 1167 quae
1126 1086 1193 1149 suis
1215 1087 1304 1168 pedi-

252 1193 314 1256 bus
333 1193 419 1255 ultro
439 1192 481 1256 ad
502 1192 680 1254 Tartarum
703 1208 885 1272 manesque
909 1209 1095 1252 commeare
1118 1201 1301 1272 cogeretur.

252 1316 314 1359 nec
335 1305 490 1359 cunctata
511 1294 634 1358 diutius
658 1293 767 1376 pergit
790 1293 832 1355 ad
857 1292 1049 1375 quampiam
1072 1293 1187 1356 turrim
1212 1315 1305 1376 prae-

202 1433 229 1465 10
252 1401 354 1464 altam
370 1400 516 1464 indidem
533 1419 607 1462 sese
624 1400 743 1462 datura
755 1397 969 1481 praecipitem
978 1419 986 1475 ;
1008 1397 1055 1462 sic
1068 1397 1156 1461 enim
1169 1399 1305 1462 rebatur

253 1505 294 1570 ad
310 1505 436 1568 inferos
452 1513 542 1568 recta
558 1512 657 1586 atque
674 1502 895 1584 pulcherrime
914 1521 950 1564 se
969 1522 1068 1584 posse
1089 1502 1301 1566 descendere.

253 1609 313 1672 sed
331 1607 431 1672 turris
452 1607 637 1690 prorumpit
656 1606 689 1668 in
710 1627 828 1669 uocem
850 1605 1002 1680 subitam,
1020 1616 1054 1669 et
1070 1606 1167 1690 ‘quid
1188 1607 1240 1683 te,'
1259 1607 1305 1670 in-

252 1713 331 1795 quit,
347 1711 588 1795 ‘praecipitem
600 1732 620 1774 o
632 1711 768 1786 misella,
781 1709 912 1793 quaeris
925 1709 1139 1791 extinguere?
1157 1711 1303 1794 quidque

252 1817 317 1879 iam
330 1815 511 1879 nouissimo
524 1815 670 1898 periculo
687 1814 857 1896 laborique
874 1814 937 1877 isto
952 1823 1077 1878 temere
1094 1815 1303 1897 succumbis?

202 1951 228 1998 15
252 1941 339 1997 nam,
357 1920 385 1983 si
404 1919 539 2003 spiritus
558 1939 696 2001 corpore
714 1928 772 1982 tuo
793 1919 896 1981 semel
917 1918 1018 1982 fuerit
1041 1918 1219 2000 seiugatuS,
1240 1919 1304 1984 ibis

252 2027 386 2111 quidem
399 2026 551 2110 profecto
564 2025 605 2088 ad
618 2024 720 2088 imum
731 2025 918 2097 Tartarum,
933 2023 992 2086 sed
1004 2022 1081 2086 inde
1098 2024 1188 2087 nullo
1205 2035 1303 2106 pacto

252 2133 358 2197 redire
369 2131 501 2215 poteris
538 2129 623 2193 Mihi
633 2130 791 2192 ausculta.
848 2131 900 2194 18.
920 2128 1138 2204 Lacedaemo,
1151 2129 1302 2193 Achaiae

252 2238 371 2302 nobilis
390 2238 516 2313 ciuitaS,
534 2259 601 2301 non
626 2237 725 2319 longe
749 2237 812 2300 sita
835 2247 894 2300 est.
942 2236 1039 2299 huius
1063 2237 1302 2300 conterminam

252 2342 357 2406 deuiis
374 2342 520 2405 abditam
532 2341 613 2405 locis
627 2361 749 2424 quaere
762 2343 961 2404 Taenarum.
1006 2340 1087 2403 inibi
1099 2340 1302 2422 spiraculum

200 2475 228 2506 ω
254 2446 341 2509 Ditis
360 2457 393 2509 et
413 2465 472 2528 per
496 2456 608 2528 portas
632 2445 762 2508 hiantes
785 2455 988 2508 monstratur
1011 2444 1073 2508 iter
1095 2444 1231 2521 inuium,
1249 2445 1302 2508 cui

251 2561 284 2615 te
300 2551 402 2615 limite
415 2560 618 2615 transmeato
634 2551 731 2614 simul
744 2549 956 2624 commiseris,
970 2548 1035 2612 iam
1048 2549 1165 2612 canale
1177 2549 1302 2613 directo

252 2676 373 2737 perges
389 2655 431 2718 ad
448 2655 554 2736 ipsam
572 2654 652 2720 Orci
667 2655 801 2736 regiam.
850 2654 908 2716 sed
928 2673 995 2716 non
1014 2654 1176 2716 hactenus
1195 2674 1302 2716 uacua

251 2759 387 2822 debebis
412 2779 473 2842 per
496 2759 569 2822 illas
591 2758 748 2822 tenebras
771 2758 934 2832 incedere,
953 2757 1011 2820 sed
1035 2757 1122 2820 offas
1146 2757 1302 2838 polentae

148 2873 149 2876 ’
251 2864 359 2926 mulso
382 2872 554 2927 concretas
578 2862 740 2926 ambabus
763 2871 895 2943 gestare
923 2860 1084 2935 manibus,
1110 2869 1145 2923 at
1171 2860 1204 2922 in
1228 2860 1302 2942 ipso

199 2993 226 3040 ας
251 2988 307 3030 ore
339 2967 421 3030 duas
451 2968 539 3030 ferre
571 2967 683 3049 stipes.
739 2965 871 3048 iamque
902 2965 1057 3028 confecta
1087 2964 1177 3028 bona
1207 2974 1302 3046 parte

251 3071 442 3135 mortiferae
457 3071 531 3134 uiae
548 3069 795 3134 continuaberis
813 3069 967 3132 claudum
987 3069 1116 3131 asinum
1136 3067 1301 3149 lignorum

251 3176 402 3257 gerulum
427 3195 502 3238 cum
526 3194 673 3256 agasone
697 3173 803 3249 simili,
821 3172 877 3255 qui
899 3182 933 3236 te
961 3171 1092 3254 rogabit
1119 3171 1302 3235 decidentis

251 3279 401 3343 sarcinae
414 3279 587 3342 fusticulos
601 3277 728 3360 aliquos
742 3276 892 3359 porrigas
905 3275 944 3339 ei.
985 3276 1043 3338 sed
1060 3286 1095 3338 tu
1112 3275 1202 3338 nulla
1218 3295 1301 3338 uoce

251 3382 449 3466 deprompta
465 3383 565 3446 tacita
585 3381 772 3463 praeterito.
820 3400 882 3443 nec
902 3399 1002 3454 mora,
1020 3399 1095 3442 curn
1115 3379 1156 3440 ad
1177 3379 1301 3441 flumen

193 3515 227 3560 ,3ο
251 3497 415 3550 mortuum
438 3486 561 3561 uenies,
580 3485 633 3548 cui
654 3485 845 3566 praefectus
867 3484 1000 3548 Charon
1023 3491 1183 3564 protenus
1206 3502 1303 3563 expe·

250 3600 325 3654 tens
356 3589 538 3672 portorium
570 3589 616 3651 sic
647 3588 689 3650 ad
717 3588 823 3669 ripam
851 3586 1038 3650 ulteriorem
1067 3585 1156 3648 sutili
1182 3585 1302 3648 cumba

250 3694 383 3757 deducit
410 3701 644 3756 commeantes.
701 3711 781 3772 ergo
808 3700 842 3754 et
871 3690 956 3753 inter
986 3698 1133 3752 mortuos
1164 3687 1302 3752 auaritia
