2934 4236
517 325 711 376 PE‘l'RONlVS
734 326 889 376 ARBITER
1195 333 1254 398 113

200 481 430 564 quaerendum
454 491 506 544 est
526 481 660 564 aliquod
683 481 857 564 effugium,
875 483 940 547 nisi
962 483 1175 568 naufragium
1199 507 1255 568 po

199 585 310 648 nimus
330 596 364 648 et
384 585 475 647 omni
495 606 556 648 nos
573 585 720 667 periculo
743 586 942 651 liberamus)
990 588 1123 653 ‘immo'
1147 590 1255 674 inquit

200 689 303 754 Giton
336 695 343 721 ⁴
355 690 519 771 persuade
549 689 774 771 gubernatori,
806 701 843 754 ut
873 691 907 754 in
938 693 1082 775 aliquem
1120 704 1253 776 portum

199 813 323 856 nauem
344 793 498 870 deducat,
515 814 583 856 non
605 793 677 857 sine
698 795 846 877 praemio
867 795 1001 873 scilicet,
1022 807 1056 860 et
1076 797 1205 862 affirma
1222 799 1254 864 ei

161 925 175 973 5
199 897 431 979 impatientem
448 897 549 960 maris
572 898 710 961 fratrem
731 908 825 962 tuum
844 899 877 962 in
894 901 1018 964 ultimis
1034 921 1117 966 esse.
1164 913 1253 985 pote-

199 1000 244 1063 ris
268 1001 355 1064 hanc
375 1001 620 1066 simulationem
638 1011 672 1065 et
696 1003 808 1066 uultus
831 1003 1029 1068 confusione
1053 1016 1087 1068 et
1109 1006 1252 1070 lacrimis

199 1103 407 1181 obumbrare,
425 1114 462 1168 ut
479 1105 706 1170 misericordia
729 1116 900 1189 permotus
923 1108 1126 1189 gubernator
1149 1110 1253 1173 indul-

198 1218 279 1290 geat
308 1208 388 1271 tibi'
437 1209 580 1290 negauit
605 1211 668 1274 hoc
700 1211 886 1292 Eumolpus
917 1212 987 1275 lieri
1017 1233 1125 1294 posse,
1160 1214 1252 1296 ‘quia

199 1313 336 1393 magna’
361 1311 467 1394 inquit
491 1313 643 1394 ‘nauigia
666 1314 827 1395 portubus
847 1334 883 1378 se
902 1316 1048 1379 curuatis
1071 1317 1250 1394 insinuant,

146 1443 176 1477 ιο
198 1425 346 1479 nectam
363 1416 429 1482 cito
447 1417 585 1479 fratrem
602 1417 766 1482 defecisse
787 1418 859 1482 ueri
880 1418 985 1482 simile
1006 1421 1076 1484 erit.
1124 1421 1253 1486 accedit

199 1521 261 1598 his,
277 1521 366 1603 quod
383 1519 524 1583 forsitan
542 1520 664 1584 Lichas
680 1520 780 1585 officii
795 1542 897 1585 causa
912 1523 1020 1586 uisere
1037 1525 1251 1606 languentem

198 1623 410 1688 desiderabit.
457 1624 561 1700 uides,
588 1645 688 1707 quam
719 1625 817 1688 ualde
847 1625 943 1690 nobis
974 1627 1137 1708 expediat,
1166 1630 1252 1692 ultro

198 1728 370 1792 dominum
394 1728 435 1791 ad
459 1727 629 1810 fugientes
653 1749 832 1793 accersere.
880 1731 940 1792 sed
963 1731 1053 1812 finge
1072 1751 1193 1794 nauem
1210 1733 1251 1796 ab

198 1832 329 1914 ingenti
362 1852 461 1914 posse
493 1852 592 1895 cursu
627 1832 759 1896 deflecti
793 1843 827 1896 et
862 1833 1001 1897 Licham
1037 1855 1103 1898 non
1138 1836 1251 1918 utique

147 1966 174 2012 15
198 1936 447 2000 circumiturum
482 1956 658 2016 aegrorum
690 1935 829 1999 cubilia:
868 1937 1035 2019 quomodo
1074 1959 1252 2019 possumus

198 2040 320 2122 egredi.
341 2060 437 2116 naue,
465 2049 502 2102 ut
529 2060 596 2103 non
623 2040 869 2122 conspiciamur
895 2061 915 2102 a
941 2041 1092 2104 cunctis?
1127 2045 1251 2124 opertis

198 2143 374 2226 capitibus,
392 2164 435 2206 an
454 2143 572 2206 nudis?
618 2144 752 2226 opertis,
770 2154 804 2207 et
824 2144 899 2226 quis
922 2165 989 2208 non
1013 2146 1091 2208 dare
1115 2166 1250 2210 manum

198 2247 435 2330 languentibus
458 2248 569 2311 uolet?
615 2248 723 2324 nudis,
744 2258 777 2311 et
798 2248 877 2330 quid
899 2248 960 2311 erit
981 2249 1070 2312 aliud
1094 2271 1193 2332 quam
1216 2273 1251 2315 se

197 2352 290 2435 ipsos
306 2351 546 2435 proscribere?’
610 2370 684 2418 102.
711 2352 805 2434 ‘quin
822 2352 946 2434 potius’
964 2353 1099 2436 inquam
1113 2375 1177 2436 ego
1195 2358 1251 2418 ‘ad

145 2486 174 2518 ω
197 2457 419 2520 temeritatem
435 2456 649 2537 confugimus
659 2466 693 2520 et
708 2475 768 2538 per
783 2457 899 2519 funem
916 2457 1002 2538 lapsi
1018 2458 1251 2523 descendimus

198 2561 231 2623 in
255 2562 417 2643 scapham
440 2560 657 2643 praecisoque
678 2560 811 2624 uinculo
835 2561 964 2644 reliqua
988 2563 1142 2626 fortunae
1165 2585 1251 2628 com-

198 2665 379 2729 mittimus?
414 2685 477 2728 nec
489 2685 552 2747 ego
568 2665 602 2727 in
619 2666 682 2728 hoc
699 2665 882 2746 periculum
901 2667 1090 2747 Eumolpon
1107 2687 1246 2732 arcesso.

198 2770 278 2853 quid
294 2769 382 2832 enirn
400 2769 518 2832 attinet
533 2769 745 2833 innocentem
763 2769 871 2832 alieno
893 2769 1039 2850 periculo
1056 2771 1248 2852 imponere?

198 2883 376 2937 contentus
406 2894 489 2949 sum,
515 2873 543 2936 si
573 2895 634 2938 nos
665 2873 908 2937 descendentes
939 2873 1103 2938 adiuuerit
1130 2877 1247 2940 casus'

146 3007 174 3054 25
199 2983 281 3041 ‘non
304 2977 513 3059 imprudens’
538 2977 645 3060 inquit
669 2977 874 3041 ‘consilium'
901 2978 1085 3058 Eumolpos
1114 2979 1157 3041 ‘si
1184 2981 1249 3042 adi-

197 3091 267 3145 tum
298 3081 444 3145 haberet.
491 3081 565 3164 quis
588 3081 676 3144 enim
700 3102 767 3144 non
794 3091 912 3145 euntes
939 3082 1089 3145 notabit?
1135 3083 1248 3166 utique

197 3186 409 3268 gubernator,
434 3185 491 3268 qui
517 3185 659 3267 peruigil
685 3195 782 3249 nocte
806 3185 952 3249 siderum
980 3207 1111 3269 quoque
1139 3198 1247 3250 motus

197 3291 349 3354 custodit.
397 3300 430 3353 et
446 3299 614 3372 utcunque
633 3289 761 3370 imponi
783 3289 864 3352 nihil
885 3289 1062 3353 dormienti
1083 3302 1206 3372 posset,
1221 3293 1248 3355 si

198 3415 257 3477 per
284 3394 382 3458 aliam
413 3404 542 3476 partem
570 3394 665 3456 nauis
693 3395 776 3475 fuga
803 3404 1033 3476 quaereretur:
1068 3415 1157 3458 nunc
1188 3416 1248 3477 per

145 3527 176 3573 30
198 3498 346 3581 puppim,
371 3519 431 3580 per
453 3497 526 3580 ipsa
549 3498 776 3579 gubernacula
799 3498 1023 3560 delabendum
1047 3509 1106 3574 est,
1127 3520 1146 3561 a
1170 3521 1248 3580 quo-

197 3623 270 3665 rum
301 3602 437 3684 regione
468 3602 558 3666 funis
589 3602 771 3677 descendit,
799 3601 855 3683 qui
886 3604 1031 3684 scaphae
1062 3603 1246 3666 custodiam

196 3716 297 3770 tenet.
345 3717 518 3788 praeterea
542 3706 622 3768 illud
646 3706 755 3780 miror,
776 3706 926 3786 Encolpi‚
943 3705 1004 3767 tibi
1027 3727 1093 3767 non
1118 3726 1247 3767 succur-

276 3821 351 3858 rnnc.
364 3808 480 3857 sau—8
