2934 4236
215 325 275 389 130
474 317 685 366 FRAGMENTS
708 315 753 366 OF
777 315 903 366 ROMAN
926 317 1052 368 SATIRE

306 495 339 556 9.
364 474 500 538 tandem
529 472 603 536 Ioui
629 472 721 536 uenit
747 472 781 535 in
808 482 964 550 mentem,
989 473 1128 556 priuatis
1151 473 1240 537 intra
1263 496 1318 538 cu-

263 579 345 642 riam
362 577 566 642 morantibus
583 574 861 639 senatoribusque
876 575 970 639 licere
987 578 1187 642 sententiam
1203 579 1316 642 dicere

263 703 325 746 nec
352 682 531 764 disputare.
595 679 693 762 ‘ego'
722 680 829 762 inquit
855 687 904 762 ‘p.
918 671 919 674 ¹
933 701 960 744 c.
989 681 1194 764 interrogare
1218 684 1316 746 uobis

264 786 488 870 permiseram,
502 805 562 848 uos
579 805 670 848 mera
686 784 830 866 mapalia
845 784 981 848 fecistis.
1028 785 1104 849 uolo
1121 796 1158 849 ut
1174 788 1316 852 seruetis

226 921 239 968 5
263 890 472 972 disciplinam
488 889 607 953 curiae.
655 889 708 952 hic
725 887 966 971 qualiscunque
981 899 1041 965 est,
1059 889 1197 972 quidde
1218 893 1315 955 nobis

94 1051 103 1060 .
172 1013 175 1018 ·
264 993 503 1058 existimabit?'
535 993 590 1056 illo
617 992 753 1055 dimisso
781 992 907 1074 primus
933 991 1158 1075 interrogatur
1184 1005 1316 1060 senten-

263 1098 344 1160 tiam
361 1099 464 1163 lanus
480 1106 584 1179 pater.
632 1096 660 1159 is
676 1096 871 1177 designatus
887 1096 1006 1160 eratin
1023 1097 1087 1160 kal.
1107 1098 1209 1162 Iulias
1228 1111 1316 1180 post-

264 1201 466 1264 meridianus
483 1201 608 1274 consul,
626 1201 725 1263 homo
742 1199 957 1282 quantumuis
980 1201 1084 1277 uaier,
1102 1201 1158 1283 qui
1181 1222 1317 1286 semper

264 1305 355 1368 uidet
378 1303 446 1381 ἅμα
469 1301 606 1386 πρόσσω
629 1299 848 1365 caliniaco.
894 1304 922 1366 is
945 1305 1051 1374 multa
1073 1305 1205 1382 diserte,
1225 1309 1316 1388 quod

213 1441 241 1473 10
264 1402 298 1472 in
314 1409 388 1474 foro
405 1407 548 1482 uiuebat,
567 1407 655 1483 dixit,
674 1427 759 1490 quae
777 1407 925 1470 notarius
941 1409 1097 1490 persequi
1116 1429 1183 1472 non
1206 1411 1317 1492 potuit

264 1523 298 1576 et
318 1513 392 1576 ideo
411 1533 478 1575 non
501 1513 619 1587 refero,
638 1532 680 1574 ne
705 1511 776 1574 aliis
799 1511 910 1574 uerbis
934 1532 1066 1593 ponam,
1084 1533 1170 1594 quae
1194 1513 1236 1576 ab
1260 1514 1316 1577 illo

264 1617 356 1696 dicta
376 1627 461 1679 sunt.
510 1617 614 1678 multa
637 1615 718 1678 dixit
741 1616 783 1678 de
806 1615 1035 1696 magnitudine
1058 1617 1214 1680 deorum:
1247 1639 1316 1681 non

265 1721 386 1793 debere
402 1721 491 1782 hunc
507 1720 609 1800 uulgo
625 1719 697 1782 dari
713 1720 880 1782 honorem.
923 1719 1036 1782 ‘olim'
1053 1719 1160 1802 inquit
1173 1727 1318 1804 ‘magna

265 1834 410 1888 reserat
433 1825 531 1886 deum
556 1823 644 1886 fieri:
675 1823 741 1885 iam
764 1823 891 1885 lamam
915 1823 1051 1886 mimum
1074 1823 1211 1888 fecistis,
1258 1825 1318 1889 ita-

214 1959 240 2006 ις
265 1949 329 2012 que
348 1949 390 1992 ne
410 1929 525 1991 uidear
548 1927 581 1990 in
605 1947 792 2009 personam,
810 1947 877 1990 non
901 1927 935 1989 in
958 1947 1028 1990 rem
1052 1927 1162 1991 dicere
1185 1939 1318 1993 senten-

264 2033 353 2109 tiam,
374 2052 495 2096 censeo
518 2051 560 2094 ne
584 2031 657 2113 quis
681 2041 757 2112 post
781 2032 869 2094 hunc
893 2031 980 2094 diem
1004 2031 1087 2094 deus
1110 2033 1167 2096 fiat
1189 2053 1229 2096 ex
1253 2035 1315 2108 his,

265 2136 321 2218 qui
336 2132 471 2218 ἀρούρης
487 2131 615 2218 καρπὸν
630 2129 757 2196 ἔδουσιν
776 2131 851 2218 [aut
867 2154 907 2197 ex
923 2135 983 2208 hiS,
998 2155 1081 2216 quos
1098 2136 1155 2199 alit
1172 2132 1317 2220 ζείδωρος

265 2237 416 2325 ἄρουρα]
456 2239 512 2322 qui
528 2249 643 2302 contra
660 2239 722 2302 hoc
739 2248 875 2301 senatus
891 2239 1079 2302 consultum
1096 2239 1178 2303 deus
1193 2241 1315 2315 lactus,

218 2415 220 2419 Α
265 2343 372 2407 dictus
389 2343 541 2425 pictusue
557 2343 627 2418 erit,
642 2362 717 2405 eum
735 2342 811 2404 dedi
828 2341 947 2404 Laruis
963 2352 996 2405 et
1012 2343 1160 2424 proximo
1177 2364 1316 2408 munere

213 2476 241 2508 σο
265 2448 350 2511 inter
362 2468 467 2510 nouos
477 2456 666 2510 auctoratos
678 2446 794 2509 ferulis
806 2446 965 2528 uapulare
978 2447 1107 2527 placet’
1146 2447 1317 2530 proximus

264 2552 487 2633 interrogatur
504 2550 703 2613 sententiam
729 2549 899 2631 Diespiter
921 2549 1025 2612 Vicae
1045 2551 1146 2614 Potae
1170 2551 1264 2628 filius,
1283 2565 1317 2616 et

264 2656 336 2738 ipse
356 2656 550 2737 designatus
569 2655 694 2738 consul,
715 2653 1006 2716 nummulariolus:
1031 2654 1093 2718 hoc
1114 2665 1255 2736 quaestu
1279 2677 1316 2720 se

265 2760 458 2835 sustinebat,
483 2758 629 2820 uendere
654 2757 841 2820 ciuitatulas
867 2757 1002 2820 solebat.
1050 2758 1092 2820 ad
1117 2758 1206 2822 hunc
1228 2759 1316 2824 belle

265 2864 405 2927 accessit
422 2862 586 2926 Hercules
603 2872 636 2924 et
652 2862 832 2924 auriculam
849 2861 894 2924 illi
910 2861 1026 2944 tetigit.
1074 2872 1189 2927 censet
1203 2863 1316 2947 itaque

214 2999 240 3044 25
264 2967 298 3030 in
315 2968 397 3030 haec
414 2967 535 3030 uerba:
557 2972 650 3028 ‘cum
668 2965 765 3027 diuus
778 2965 936 3028 Claudius
949 2975 982 3028 et
994 2965 1108 3028 diuum
1121 2967 1313 3048 Augustum

265 3071 427 3153 sanguine
447 3069 619 3150 contingat
639 3090 699 3132 nec
723 3069 832 3131 minus
855 3069 966 3132 diuam
990 3070 1182 3154 Augustam
1206 3071 1315 3134 auiam

265 3196 369 3251 suam,
398 3157 497 3256 quani
529 3174 600 3255 ipse
632 3174 728 3236 deam
760 3193 833 3236 esse
865 3173 967 3248 iussit,
999 3173 1165 3256 longeque
1199 3195 1316 3239 omnes

266 3279 421 3342 mortales
449 3277 612 3360 sapientia
640 3278 825 3352 antecellat,
850 3277 957 3359 sitque
985 3296 1002 3339 e
1026 3297 1061 3339 re
1085 3278 1219 3359 publica
1241 3299 1316 3344 esse

266 3383 409 3464 aliquem
437 3382 493 3464 qui
520 3402 594 3444 cum
626 3382 768 3444 Romulo
798 3380 902 3462 possit
927 3381 1119 3444 “feruentia
1149 3381 1232 3465 rapa
1262 3404 1317 3447 uo-

213 3517 241 3560 30
265 3485 369 3562 rare,'’
387 3506 507 3548 censeo
523 3485 572 3546 uti
588 3485 683 3546 diuus
701 3485 861 3548 Claudius
877 3504 917 3547 ex
938 3485 1000 3547 hac
1019 3484 1072 3547 die
1096 3485 1179 3549 deus
1193 3485 1252 3562 sit,
1270 3487 1317 3550 ita

266 3591 314 3652 uti
330 3599 407 3651 ante
424 3609 498 3650 eum
516 3587 571 3668 qui
588 3587 713 3668 optimo
730 3588 799 3650 iure
816 3589 925 3650 iactus
946 3587 997 3662 sit,
1015 3607 1155 3671 eamque
1179 3611 1249 3653 rem
1273 3591 1315 3654 ad

266 3691 543 3772 metamorphosis
561 3690 662 3752 Ouidi
677 3690 906 3753 adiciendam!
954 3690 1066 3754 uariae
1078 3703 1174 3756 erant
1187 3703 1317 3757 senten-
