2926 4232
550 976 594 1038 ΙΙ.
637 976 860 1040 LVCILIVS

485 1163 707 1216 susumus
731 1163 921 1231 numurus

625 1331 735 1394 Lmen
760 1333 785 1394 Ι.

224 1448 303 1502 Other
310 1457 385 1518 poets
397 1450 474 1502 select
486 1448 552 1519 losty
564 1449 619 1501 and
630 1449 764 1501 attractive
778 1450 876 1512 memes,
891 1450 946 1501 and
957 1466 986 1502 so
1000 1449 1051 1502 uin
1064 1450 1184 1514 hearers;

156 1579 185 1624 1.
219 1559 362 1624 aetheris
378 1570 411 1623 et
427 1570 535 1623 terrae
551 1559 731 1642 genitabile
748 1580 908 1642 quaerere
924 1570 1057 1642 tempus

968 1662 1047 1713 Varr.
1062 1661 1095 1714 L.
1111 1661 1142 1713 L.
1157 1663 1193 1714 V.
1211 1675 1250 1729 17¹

398 1772 453 1825 But
464 1772 587 1826 Lucilius
599 1789 650 1825 can
662 1773 727 1842 hope
737 1773 788 1843 for
799 1791 833 1827 no
843 1773 1008 1842 popularity.

153 1897 185 1944 2.
218 1879 292 1963 quis
308 1880 398 1962 leget
414 1881 519 1944 haec?
943 1902 1037 1957 Schol.
1052 1903 1081 1956 in
1093 1905 1169 1958 pers,
1187 1918 1210 1956 1,
1225 1919 1250 1958 2,

513 2015 567 2069 The
583 2016 696 2070 Council
709 2017 744 2087 of
751 2018 792 2070 the
808 2016 892 2070 Gods.

265 2119 372 2206 [totus
389 2123 441 2186 hic
458 2123 550 2186 locus
569 2123 611 2186 de
631 2123 737 2205 primo
755 2123 862 2186 Lucili
882 2124 1062 2186 translatus
1081 2133 1132 2186 est
1150 2123 1251 2200 libr0;

218 2225 273 2288 ubi
289 2227 492 2290 inducuntur
507 2227 541 2289 di
560 2227 682 2290 habere
700 2227 885 2303 concilium,
907 2237 941 2290 et
961 2247 1061 2309 agere
1083 2227 1189 2308 primo
1211 2228 1252 2289 de

217 2329 351 2392 interitu
371 2330 459 2412 Lupi
477 2330 651 2394 cuiusdam
671 2330 765 2394 ducis
786 2331 819 2394 in
841 2331 1020 2414 republica,
1043 2341 1160 2412 postea
1182 2351 1249 2394 sen·

216 2434 338 2496 tentias
354 2433 472 2497 dicere.
899 2461 976 2514 Seru.
993 2459 1022 2511 in
1034 2459 1106 2511 Aen.
1120 2460 1157 2511 x.
1175 2459 1249 2528 104]

151 2607 183 2666 3.
196 2591 390 2654 *consilium
408 2592 546 2655 summis
562 2593 733 2655 hominum
750 2594 792 2656 de
808 2592 908 2656 rebus
924 2592 1101 2656 habebant.

905 2695 981 2747 Seru.
996 2693 1024 2745 in
1039 2694 1108 2745 Aen.
1125 2695 1174 2745 IX.
1190 2707 1249 2760 227.

238 2811 294 2864 One
306 2813 341 2882 os
351 2814 391 2865 the
403 2815 527 2882 speakers
540 2823 639 2883 reqrels
652 2815 692 2866 Iris
705 2815 812 2866 absence
822 2814 897 2883 from
910 2832 926 2866 a
935 2814 1040 2883 former
1051 2814 1170 2883 meetiuq,

149 2936 182 2994 4.
195 2919 336 2981 *uellem
352 2919 491 2983 concilio
508 2931 665 2995 uestrum,
684 2921 772 3003 quod
789 2920 896 2984 dicitis
913 2921 1000 2996 olim,
1044 2950 1045 2954 ¹

215 3023 399 3099 caelicolae,
418 3024 554 3100 factum,
573 3024 692 3087 uellem
709 3024 933 3087 adfuissemus
950 3025 1059 3105 priore

214 3127 363 3190 concilio.
732 3153 782 3206 1u1.
797 3152 889 3205 Rufin.
904 3154 936 3204 ee
946 3153 998 3221 Μ.
1011 3161 1076 3204 sent.
1091 3160 1115 3203 er
1127 3152 1191 3204 eros.
1206 3151 1249 3217 4⁶.

336 3315 403 3368 And
415 3317 511 3368 hlames
524 3317 563 3370 the
575 3318 641 3386 qods
652 3318 701 3386 sor
713 3317 841 3386 affeetinq
854 3318 895 3368 the
908 3317 961 3368 true
974 3324 1058 3385 pater.

148 3435 179 3499 5.
193 3422 312 3484 *nemo
329 3432 364 3484 ut
382 3423 423 3485 sit
439 3433 598 3500 nostrum,
616 3424 695 3505 quin
713 3433 770 3486 aut
787 3433 882 3504 pater
897 3423 1042 3504 optimus
1059 3422 1180 3498 diuom,

213 3534 269 3587 aut
287 3525 466 3607 Neptunus
483 3537 586 3608 pater,
607 3527 715 3601 Liber,
735 3528 899 3591 Saturnus
917 3537 1020 3607 pater,
1042 3528 1143 3602 Mars,

214 3628 326 3704 Ianus,
345 3630 506 3711 Quirinus
522 3641 618 3712 pater
634 3632 696 3694 siet
712 3652 751 3694 ac
767 3630 896 3694 dicatur
912 3631 954 3692 ad
971 3651 1082 3693 unum.

926 3715 1002 3784 Laut.
1018 3731 1085 3782 Inse.
1102 3732 1150 3783 IV.
1166 3745 1191 3797 3.
1210 3742 1249 3781 12.

278 3825 354 3863 ruso.
367 3826 484 3864 sur-2
685 3829 714 3880 17
