2934 4236
515 323 709 376 Pannonius
732 323 886 376 sumsuh
1192 331 1252 398 117

242 493 276 546 et
303 482 395 545 illum
426 482 559 565 quidem
590 483 832 546 uociferantem
863 483 896 546 in
927 503 1018 548 mare
1049 494 1170 549 uentus
1200 506 1252 548 ex-

198 587 311 662 cussit,
337 586 581 670 repetitumque
607 587 732 650 iniesto
758 587 890 668 gurgite
920 588 1067 670 procella
1096 589 1252 652 circume-

198 691 248 772 git
270 700 371 773 atque
394 691 513 753 hausit.
559 691 798 776 Tryphaenam
822 702 934 754 autem
958 712 1063 774 prope
1085 692 1151 756 iarn

198 794 383 858 fidelissimi
428 804 610 877 rapuerunt
657 795 752 870 serui,
801 795 1012 878 scaphaeque
1061 795 1249 878 impositam

160 919 276 974 5cum
308 898 452 960 maxima
484 897 688 962 sarcinarum
722 907 816 980 parte
848 897 1015 962 abduxere
1047 899 1251 964 certissimae

199 1002 299 1065 morti

199 1209 379 1293 applicitus
406 1230 481 1273 cum
506 1209 650 1274 clamore
677 1209 756 1273 fleui
782 1219 817 1274 et
844 1210 935 1273 ‘hoc’
963 1209 1098 1292 inquam
1127 1217 1163 1274 ‘a
1189 1211 1252 1274 diis

200 1315 391 1390 meruimus,
419 1324 455 1376 ut
481 1334 543 1377 nos
570 1314 641 1377 sola
667 1324 773 1377 morte
800 1313 1066 1395 coniungerent?
1099 1315 1158 1378 sed
1185 1336 1252 1378 non

200 1419 345 1481 crudelis
365 1419 501 1481 fortuna
516 1417 677 1481 concedit.
725 1437 803 1481 ecce
822 1418 886 1480 iarn
904 1428 1008 1482 ratem
1026 1418 1147 1482 fluctus
1163 1439 1253 1482 euer-

148 1553 177 1586 10
199 1532 258 1598 tet,
275 1542 354 1585 ecce
376 1523 442 1584 iarn
459 1522 633 1604 amplexus
656 1522 837 1584 amantium
861 1522 980 1584 iratum
1004 1523 1130 1585 diuidet
1151 1543 1250 1586 mare.

199 1626 309 1708 igitur,
330 1626 358 1688 si
380 1645 458 1688 uere
482 1625 669 1707 Encolpion
691 1625 842 1701 dilexisti,
859 1625 902 1688 da
922 1627 1044 1701 oscula,
1062 1626 1141 1688 dum
1165 1627 1251 1702 licet,

200 1738 232 1792 et
244 1729 394 1792 ultimum
412 1730 474 1792 hoc
491 1729 649 1811 gaudium
666 1729 744 1792 fatis
761 1730 1015 1812 properantibus
1032 1730 1132 1811 rape!
1170 1731 1252 1793 haec

200 1844 238 1896 ut
261 1853 325 1914 ego
348 1833 422 1909 dixi,
441 1833 541 1898 Giton
564 1843 691 1896 uestem
713 1833 876 1914 deposuit,
894 1854 1034 1916 meaque
1050 1833 1163 1896 tunica
1178 1854 1253 1896 con-

201 1947 309 2001 tectus
326 1937 453 2000 exeruit
471 1937 514 1999 ad
537 1938 687 1999 osculum
706 1946 815 2019 caput.
863 1947 896 2000 et
913 1957 955 2000 ne
972 1938 1018 2000 sic
1035 1939 1253 2001 cohaerentes

149 2071 175 2116 15
201 2041 377 2123 malignior
408 2041 528 2103 fluctus
559 2040 767 2116 distraheret,
796 2051 973 2122 utrumque
1004 2061 1088 2104 zona
1118 2041 1254 2104 circum-

137 2181 138 2186 *
173 2161 182 2192 ³
201 2144 349 2208 uenienti
364 2144 547 2225 praecinxit
563 2153 597 2207 et
614 2144 656 2206 ‘si
671 2144 753 2207 nihil
770 2144 868 2220 aliud,
886 2155 976 2208 certe
992 2143 1129 2207 diutius’
1147 2144 1253 2227 inquit

203 2249 347 2312 ‘iunctos
370 2269 431 2311 nos
455 2268 546 2311 mare
578 2249 673 2324 feret,
698 2248 752 2333 uel
779 2247 807 2310 si
834 2249 975 2311 uoluerit
1000 2249 1186 2311 misericors
1210 2249 1252 2311 ad

201 2352 289 2415 idem
316 2352 393 2415 litus
420 2353 595 2434 expellere,
624 2361 682 2415 aut
712 2351 918 2434 praeteriens
945 2353 1063 2434 aliquis
1090 2353 1253 2415 tralaticia

202 2456 408 2520 humanitate
431 2455 600 2538 lapidabit,
618 2467 676 2518 aut
692 2456 781 2538 quod
804 2455 956 2518 ultimum
973 2465 1023 2519 est
1042 2456 1133 2519 iratis
1148 2456 1252 2535 ¹etiam

148 2593 186 2625 ω·
201 2561 365 2636 fluctibus,
399 2559 594 2642 imprudens
629 2561 755 2623 harena
789 2561 987 2641 componet!
1049 2560 1156 2642 patior
1190 2580 1253 2641 ego

201 2665 371 2728 uinculum
402 2674 596 2740 extremum,
628 2673 661 2726 et
692 2663 797 2726 ueluti
830 2663 916 2726 lecto
952 2663 1084 2727 funebri
1119 2672 1253 2744 aptatus

201 2779 341 2851 expecto
368 2778 509 2831 mortem
536 2767 602 2830 iam
629 2788 696 2832 non
724 2768 907 2830 molestam.
964 2767 1094 2850 peragit
1121 2767 1252 2830 interim

201 2883 383 2955 tempestas
410 2872 569 2937 mandata
595 2873 740 2935 fatorum
768 2892 950 2953 omnesque
977 2871 1132 2954 reliquias
1157 2871 1253 2934 nauis

202 2986 381 3059 expugnat.
444 2997 512 3040 non
543 2975 641 3038 arbor
668 2985 739 3038 erat
769 2975 890 3051 relicta,
919 2995 985 3038 non
1017 2975 1251 3056 gubernacula,

150 3110 178 3156 25
202 3101 269 3143 non
300 3080 391 3143 funis
423 3089 480 3143 aut
510 3100 630 3155 remus,
661 3079 720 3142 sed
751 3079 846 3161 quasi
876 3079 967 3142 rudis
998 3088 1098 3161 atque
1129 3079 1253 3142 iniecta

202 3184 357 3248 materies
380 3184 449 3248 ibat
472 3204 547 3247 cum
571 3183 726 3247 fluctibus

721 3310 738 3346 *

246 3413 438 3474 procurrere
448 3391 631 3474 piscatores
642 3389 790 3473 paruulis
801 3390 947 3473 expediti
957 3390 1099 3472 nauigiis
1110 3389 1151 3452 ad
1163 3410 1254 3472 prae-

203 3497 278 3558 dam
299 3496 504 3578 rapiendam.
559 3496 680 3558 deinde
703 3504 740 3557 ut
761 3495 888 3576 aliquos
910 3495 1074 3570 uiderunt,
1095 3494 1153 3576 qui
1176 3513 1253 3556 suas

202 3621 283 3682 opes
300 3600 531 3673 defenderent,
546 3607 759 3662 mutauerunt
775 3598 1001 3660 crudelitatem
1018 3597 1051 3660 in
1068 3597 1224 3659 auxilium

722 3724 739 3760 Ι
