2934 4236
628 327 798 378 nrvcarvs
1205 321 1261 400 165

210 496 245 550 et
260 486 335 549 ilico
351 486 462 568 dirigit
481 486 618 550 citatum
643 485 794 567 gradum,
812 507 912 568 quem
937 487 1106 549 detectum
1127 508 1263 569 prorsus

211 589 359 652 adsiduis
390 589 557 654 laboribus
588 609 665 671 spes
696 588 855 652 incitabat
886 599 919 652 et
950 600 1072 653 uotum.
1130 591 1262 673 iamque

210 693 342 756 nauiter
356 693 501 756 emensis
516 693 709 757 celsioribus
725 692 811 774 iugis
824 693 1052 774 puluinaribus
1069 715 1142 757 sese
1159 695 1264 776 proxi-

210 817 299 860 mam
331 797 449 860 intulit.
496 797 588 860 uidet
618 796 727 879 spicas
754 797 989 860 frumentarias
1019 798 1052 860 in
1080 818 1199 861 aceruo
1230 809 1263 862 et

171 933 186 978 5
210 901 293 964 alias
316 900 440 964 flexiles
462 901 496 963 in
519 921 660 977 corona;
690 910 723 963 et
747 900 857 983 spicas
881 901 997 964 hordei
1021 901 1120 964 uidet.
1167 913 1263 967 crant

173 1053 180 1061 .
210 1014 245 1068 et
260 1005 374 1080 lalces,
388 1014 422 1068 et
437 1024 560 1087 operae
576 1004 755 1067 messoriae
772 1004 917 1067 mundus
933 1005 1049 1082 omnis,
1068 1007 1126 1069 sed
1143 1017 1263 1070 cuncta

210 1108 336 1190 passim
366 1108 508 1172 iacentia
535 1118 568 1172 et
595 1107 720 1172 incuria
745 1109 886 1171 confusa
913 1118 954 1184 et,
984 1119 1020 1172 ut
1047 1111 1139 1185 solet,
1168 1121 1262 1174 aestu

210 1213 432 1276 laborantium
463 1213 617 1276 manibus
649 1212 803 1293 proiecta.
856 1213 938 1277 haec
970 1213 1101 1295 singula
1133 1215 1261 1299 Psyche

211 1316 340 1381 curiose
363 1316 488 1394 diuidit,
507 1327 540 1380 et
563 1317 731 1380 discretim
755 1327 882 1380 remota
905 1318 966 1381 rite
994 1319 1172 1400 componit,
1190 1329 1262 1383 rata

158 1420 337 1484 10scilicet
362 1421 485 1484 nullius
511 1421 566 1485 dei
592 1421 672 1483 lana
702 1441 740 1481 ac
769 1421 986 1484 caerimonias
1017 1423 1195 1504 neglegere
1226 1443 1261 1486 se

211 1523 343 1601 debere,
357 1526 415 1588 sed
432 1525 578 1588 omnium
595 1525 784 1589 beniuolam
800 1525 1059 1588 misericordiam
1075 1547 1259 1608 corrogare.

257 1647 288 1692 2.
322 1629 404 1693 haec
441 1649 516 1692 eam
554 1628 692 1692 sollicite
730 1629 911 1712 seduloque
949 1640 1120 1694 curantem
1159 1631 1261 1696 Ceres

213 1733 300 1796 alma
326 1733 556 1816 deprehendit,
585 1742 619 1796 et
646 1733 782 1814 longum
810 1733 973 1796 exclamat
1001 1734 1162 1816 protinus,
1189 1736 1259 1812 ‘ah,

211 1846 248 1899 tu
275 1837 402 1921 Psyche
429 1837 635 1901 miseranda!
667 1847 774 1901 totum
798 1858 857 1920 per
884 1838 997 1901 orbem
1022 1839 1137 1902 Venus
1164 1839 1262 1904 anxia

160 1969 187 2016 15
212 1941 441 2022 disquisitione
457 1951 550 2004 tuum
567 1941 744 2023 vestigium
761 1942 876 2005 furens
889 1941 990 2004 animi
1003 1942 1147 2025 requirit,
1161 1953 1261 2026 teque

212 2054 246 2107 at
272 2054 455 2109 extremum
483 2046 683 2128 supplicium
711 2045 845 2127 expetit,
870 2055 904 2109 et
930 2046 1008 2109 totis
1035 2047 1180 2110 numinis
1211 2048 1262 2111 sui

212 2149 337 2213 uiribus
353 2149 512 2213 ultionem
528 2149 664 2232 flagitat.
713 2159 749 2212 tu
770 2171 850 2213 uero
875 2171 984 2213 rerum
1010 2172 1158 2214 mearum
1179 2162 1262 2216 tute-

212 2254 278 2317 lam
301 2275 390 2318 nunc
414 2255 511 2336 geris,
529 2264 562 2317 et
585 2255 674 2317 aliud
698 2255 875 2337 quicquam
899 2256 1035 2335 cogitas,
1054 2255 1117 2318 nisi
1139 2257 1181 2319 de
1203 2267 1261 2320 tua

212 2357 359 2422 salute?’
410 2368 489 2422 tunc
522 2360 649 2444 Psyche
681 2360 784 2440 pedes
815 2359 886 2422 eius
916 2360 1074 2423 aduoluta
1105 2370 1138 2423 et
1168 2360 1261 2423 uberi

158 2491 188 2523 ω
212 2462 291 2525 fletu
319 2463 432 2544 rigans
455 2464 537 2526 deae
562 2462 704 2544 uestigia
727 2465 932 2546 humumque
955 2485 1092 2527 uerrens
1115 2464 1261 2528 crinibus

212 2566 289 2642 suis,
307 2567 487 2648 multiiugis
504 2567 657 2648 precibus
676 2567 773 2629 editis
792 2567 925 2630 ueniam
948 2568 1157 2649 postulabat:
1184 2573 1262 2650 ‘per

211 2690 275 2751 ego
300 2681 333 2733 te
357 2671 554 2752 frugiferam
577 2681 668 2733 tuam
692 2671 862 2734 dexteram
886 2671 983 2734 istam
1007 2673 1176 2753 deprecor,
1202 2692 1261 2753 per

211 2773 369 2837 laetificas
388 2774 545 2838 messium
567 2774 793 2850 caerimonias
811 2795 871 2856 per
893 2775 994 2838 tacita
1017 2785 1145 2838 secreta
1168 2775 1261 2839 cista-

212 2898 293 2953 rum,
314 2888 347 2940 et
368 2899 428 2960 per
446 2879 646 2941 famulorum
670 2887 803 2941 tuorum
827 2879 1006 2941 draconum
1032 2879 1169 2960 pinnata
1192 2899 1262 2941 cur-

159 3011 186 3055 23
212 2981 322 3057 ricula,
341 2993 373 3044 et
392 2982 510 3063 glebae
529 2982 661 3046 Siculae
680 2982 872 3058 sulcamina,
890 2993 923 3045 et
942 3003 1074 3045 currum
1094 3003 1259 3064 rapacem,

212 3095 245 3147 et
271 3095 391 3148 terram
418 3095 580 3161 tenacem,
605 3095 638 3149 et
668 3085 903 3148 inluminarum
934 3087 1151 3168 Proserpinae
1181 3087 1261 3148 nub-

211 3189 330 3252 tiarum
359 3190 560 3266 demeacula,
588 3199 621 3252 et
647 3190 885 3252 luminosarum
914 3191 999 3253 filiae
1031 3190 1259 3253 inuentionum

211 3295 406 3369 remeacula,
424 3304 457 3356 et
473 3304 584 3356 cetera
600 3314 685 3375 quae
703 3294 833 3357 silentio
849 3294 932 3375 tegit
947 3294 1113 3357 Eleusinis
1127 3294 1260 3357 Atticae

212 3398 409 3474 sacrarium;
433 3397 641 3460 miserandae
662 3399 809 3482 Psyches
833 3399 972 3473 animae,
991 3399 1149 3480 supplicis
1172 3408 1258 3472 tuae,

158 3531 187 3575 30
211 3501 362 3564 subsiste.
410 3501 495 3564 inter
521 3501 618 3564 istam
646 3502 812 3583 spicarum
840 3501 1029 3582 congeriem
1061 3511 1176 3582 patere
1207 3501 1260 3562 uel

211 3606 371 3687 pauculos
390 3605 461 3669 dies
480 3606 682 3679 delitescam,
700 3605 789 3686 quod
809 3605 891 3667 deae
907 3614 1020 3668 tantae
1041 3605 1194 3668 saeuiens
1214 3605 1261 3666 ira

211 3710 319 3794 spatio
336 3709 496 3794 temporis
518 3709 695 3793 mitigetur,
714 3708 768 3771 uel
790 3719 880 3774 certe
904 3729 999 3772 meae
1022 3709 1110 3773 uires
1133 3708 1261 3774 diutino
