2934 4236
209 309 251 390 98
474 320 683 370 annonanrs
706 321 752 370 or
775 320 901 370 noum
924 320 1049 370 sanna

261 477 295 541 in
320 477 424 542 hortis
448 477 668 560 Pompeianis
689 487 797 540 ortum
821 499 861 541 ex
884 478 1022 541 aedibus
1048 480 1175 542 Nastae
1202 479 1315 543 uilici.’

263 581 392 664 ‘quid?’
410 581 517 664 inquit
532 581 733 645 Trimalchio
752 583 901 664 ‘quando
917 581 997 645 mihi
1015 583 1211 664 Pompeiani
1227 584 1317 646 horti

261 685 365 768 empti
386 684 498 748 sunt?’
547 691 651 748 ‘anno
673 685 798 767 priore’
816 685 923 767 inquit
939 685 1105 749 actuarius
1123 692 1172 749 ‘et
1187 687 1265 750 ideo
1282 687 1316 749 in

250 790 422 853 rationem
449 790 597 852 nondum
622 791 805 853 uenerunt!
852 789 1029 853 excanduit
1052 789 1257 854 Trimalchio
1282 803 1317 854 et

223 923 237 969 5
262 894 480 976 ‘quicunque'
499 893 606 976 inquit
623 893 720 955 ‘mihi
742 893 838 956 fundi
859 892 963 975 empti
986 893 1119 969 luerint,
1137 893 1202 957 nisi
1226 894 1316 957 intra

261 1008 389 1061 sextum
413 1018 562 1061 mensem
586 997 700 1072 sciero,
718 996 752 1059 in
768 996 914 1061 rationes
933 1017 1025 1060 meas
1049 997 1166 1060 inferri
1188 1001 1313 1061 uetu0.‘

259 1101 325 1163 iam
349 1102 449 1165 etiam
472 1101 581 1164 edicta
604 1100 759 1163 aedilium
783 1100 1008 1164 recitabantur
1026 1110 1060 1164 et
1078 1101 1314 1164 saltuariorum

259 1215 468 1281 testamenta,
489 1205 609 1287 quibus
632 1203 834 1267 Trimalchio
858 1225 934 1268 cum
957 1204 1067 1286 elogio
1091 1205 1315 1269 exheredaba-

259 1318 328 1385 tur;
361 1309 426 1371 iam
453 1308 588 1371 nomina
619 1307 808 1384 uilicorum;
841 1318 875 1371 et
905 1308 1080 1391 repudiata
1110 1329 1129 1370 a
1159 1308 1313 1373 circitore

209 1445 236 1478 ιο
259 1413 376 1476 liberta
399 1414 432 1475 in
455 1412 655 1476 balneatoris
677 1412 896 1475 contubernio
918 1413 1128 1494 deprehensa
1144 1423 1177 1476 et
1193 1413 1314 1476 atrien-

259 1517 304 1580 sis
322 1517 420 1580 Baias
436 1517 620 1599 relegatus;
645 1515 710 1578 iam
726 1537 803 1579 reus
825 1517 935 1580 iactus
955 1515 1166 1599 dispensator
1181 1527 1215 1580 et
1232 1517 1313 1581 iudi-

259 1621 346 1684 cium
363 1621 448 1684 inter
463 1619 683 1684 cubicularios
700 1631 819 1683 actum.

302 1724 524 1806 petauristarii
540 1734 650 1786 autem
668 1725 803 1787 tandem
819 1734 990 1788 uenerunt.
1037 1724 1119 1789 baro
1135 1724 1312 1788 insulsissi-

259 1849 424 1892 muscum
441 1828 538 1891 scalis
554 1828 702 1891 constitit
718 1848 924 1911 puerumque
941 1828 1036 1891 iussit
1054 1849 1114 1911 per
1134 1829 1261 1910 gradus
1278 1841 1321 1893 et.

208 1965 233 2011 15
258 1933 291 1994 in
309 1953 438 1995 summa
460 1941 554 2014 parte
575 1931 688 1994 odaria
704 1932 832 2007 saltare,
851 1933 991 1995 circulos
1010 1932 1131 1996 deinde
1152 1933 1311 1996 ardentes

258 2036 421 2099 transilire
449 2046 482 2098 et
509 2035 664 2097 dentibus
688 2036 884 2125 amphoram
907 2036 1079 2100 sustinere.
1127 2038 1310 2101 mirabatur

259 2142 341 2203 haec
369 2141 459 2202 solus
486 2138 688 2202 Trimalchio
715 2139 912 2222 dicebatque
939 2140 1107 2222 ingratum
1133 2141 1309 2205 artificium

258 2265 339 2307 esse.
387 2254 533 2307 ceterum
557 2243 623 2317 duo
644 2262 717 2305 esse
740 2243 773 2304 in
793 2244 892 2306 rebus
916 2244 1080 2319 humanis,
1098 2265 1183 2327 quae
1207 2246 1309 2309 liben-

257 2348 382 2412 tissime
410 2356 584 2428 spectaret,
614 2347 862 2428 petauristarios
890 2357 924 2410 et
950 2348 1152 2425 cornicines;
1181 2349 1308 2432 reliqua

205 2485 233 2516 ω
261 2449 450 2536 [animalia]
482 2460 670 2513 acroamata
694 2451 795 2513 tricas
822 2471 930 2514 meras
953 2471 1035 2515 esse.
1084 2458 1176 2515 ‘nam
1200 2463 1233 2516 et
1256 2474 1309 2517 co-

257 2556 410 2618 moedos'
442 2555 549 2637 inquit
581 2560 752 2629 ‘emeram
782 2555 840 2617 sed
871 2555 972 2618 malui
1002 2556 1079 2646 illos¹
1100 2556 1307 2620 Atellaniam

256 2661 377 2735 facere,
400 2669 433 2722 et
456 2658 634 2721 choraulen
658 2678 769 2720 meum
792 2658 873 2721 iussi
898 2659 1197 2723 Latine'cantare.'

299 2781 353 2843 54.
379 2783 454 2826 cum
482 2761 623 2823 maxime
650 2762 733 2824 haec
759 2761 891 2825 dicente
919 2763 1003 2826 Gaio
1030 2784 1113 2844 puer

255 2866 509 2930 Trimalchionis
536 2865 694 2947 delapsus
721 2875 780 2928 est.
828 2867 1048 2930 conclamauit
1078 2867 1213 2944 familia,
1242 2890 1305 2933 nec

203 3004 230 3050 25
255 2973 364 3034 minus
387 2970 559 3045 conuiuae,
584 2991 651 3032 non
683 2979 820 3051 propter
850 2971 1018 3034 hominem
1045 2982 1113 3033 tam
1141 2972 1303 3053 putidum,

255 3076 347 3138 cuius
364 3085 397 3137 et
416 3074 562 3137 ceruices
585 3074 709 3136 fractas
733 3073 874 3136 libenter
897 3071 1067 3150 uidissent,
1085 3075 1144 3138 sed
1167 3088 1305 3158 propter

255 3179 378 3241 malum
399 3178 521 3240 exitum
538 3198 649 3252 cenae,
667 3198 709 3240 ne
725 3197 863 3240 necesse
884 3178 1045 3241 haberent
1061 3178 1210 3242 alienum
1222 3201 1305 3243 mor-

253 3293 347 3346 tuum
365 3283 503 3364 plorare.
552 3282 623 3362 ipse
640 3281 841 3344 Trimalchio
858 3302 934 3344 cum
958 3283 1105 3363 grauiter
1127 3283 1304 3364 ingemuis-

254 3397 304 3450 set
335 3405 501 3468 superque
531 3384 703 3448 brachium
734 3395 894 3466 tanquam
930 3386 1056 3449 laesum
1088 3386 1301 3464 incubuisset,

200 3522 229 3568 30
253 3509 450 3556 concurrere
477 3489 604 3563 medici,
629 3498 662 3551 et
688 3489 774 3552 inter
801 3489 924 3570 primos
950 3491 1134 3554 Fortunata
1157 3492 1303 3556 crinibus

254 3593 360 3676 passis
380 3613 454 3655 cum
475 3593 610 3674 scypho,
629 3591 848 3673 miseramque
865 3613 900 3654 se
917 3603 1015 3674 atque
1039 3594 1206 3658 infelicem
1231 3618 1303 3678 pro-

253 3696 416 3760 clamauit.
464 3714 541 3755 nam
566 3714 648 3773 puer
671 3695 812 3774 quidem,
834 3696 890 3776 qui
913 3697 1086 3772 ceciderat,
1109 3699 1302 3774 circumibat
