2934 4236
642 271 777 320 seuseu
1201 279 1259 344 ¹33

212 447 264 494 12.
294 429 374 493 dum
398 428 606 492 descendunt
630 447 690 510 per
706 427 792 490 uiam
816 447 953 504 sacram,
972 428 1155 510 interrogat
1176 431 1261 494 Mer·

209 533 330 608 curius,
359 533 438 615 quid
470 531 533 594 sibi
564 531 644 595 uelit
674 531 728 594 ille
759 551 940 595 concursus
973 533 1151 609 hominum,
1180 555 1260 596 num

211 637 341 703 Claudii
364 637 467 699 iunus
491 635 602 698 esset?
647 643 681 697 et
707 643 778 697 erat
805 635 952 698 omnium
984 635 1260 701 formosissimum

210 751 244 805 et
266 741 420 823 impensa
443 760 529 815 cura,
544 739 644 821 plane
667 748 704 801 ut
731 738 832 802 scires
859 739 959 802 deum
987 739 1118 803 efferri:
1150 742 1263 806 tubici-

173 875 187 923 5
209 866 300 921 num,
318 843 533 919 cornicinum,
550 843 657 906 omnis
681 841 814 924 generis
832 852 1028 906 aenatorum
1044 854 1138 908 tanta
1154 845 1260 922 turba,

209 959 325 1012 tantus
362 957 555 1024 concentus,
588 955 624 1010 ut
661 946 761 1009 etiam
800 947 959 1011 Claudius
994 948 1107 1012 audire
1139 961 1260 1031 posset.

211 1073 329 1117 omnes
351 1051 439 1128 laeti,
457 1051 599 1114 hilares:
628 1050 772 1133 populus
798 1051 971 1114 Romanus
987 1052 1179 1116 ambulabat
1195 1063 1264 1117 tan·

211 1178 312 1240 quam
335 1156 427 1220 liber.
474 1155 613 1236 Agatho
636 1164 670 1218 et
693 1155 790 1236 pauci
813 1155 970 1218 causidici
994 1157 1179 1236 plorabant,
1204 1157 1262 1220 sed

212 1262 313 1344 plane
335 1281 377 1324 ex
399 1259 519 1322 animo.
566 1258 789 1322 iurisconsulti
814 1279 832 1322 e
857 1259 1003 1321 tenebris
1027 1260 1262 1340 procedebant,

160 1399 188 1431 10
212 1364 336 1447 pallidi,
353 1363 504 1446 graciles
520 1362 576 1426 uix
594 1363 739 1425 animam
756 1363 927 1438 habentes,
944 1373 1103 1446 tanquam
1120 1365 1263 1446 quitum

212 1469 354 1532 maxime
376 1467 624 1531 reuiuiscerent.
671 1487 712 1530 ex
733 1466 784 1529 his
805 1487 892 1530 unus
909 1487 983 1530 cum
1001 1468 1138 1531 uidisset
1153 1468 1264 1550 capita

212 1574 425 1637 conferentes
437 1581 470 1635 et
482 1573 635 1635 fortunas
648 1591 725 1634 suas
737 1571 951 1653 deplorantes
968 1571 1160 1647 causidicos,
1174 1593 1265 1636 acce-

212 1677 306 1740 ditet
319 1677 380 1740 ait:
404 1675 571 1740 ‘dicebam
584 1675 696 1738 uobis:
719 1695 786 1738 non
800 1694 932 1756 semper
945 1675 1134 1739 Saturnalia
1147 1677 1262 1739 erunt'

214 1780 374 1844 Claudius
386 1789 423 1842 ut
435 1779 518 1842 uidit
529 1780 632 1842 funus
649 1799 754 1854 suum,
768 1779 929 1841 intellexit
945 1799 980 1841 se
998 1788 1163 1841 mortuum
1181 1800 1262 1843 esse.

163 1913 188 1961 ις
212 1884 342 1967 ingenti
354 1884 443 1947 enirn
455 1881 590 1964 μεγάλῳ
601 1879 723 1967 χορικῷ
735 1882 834 1945 nenia
846 1883 1044 1945 cantabatur
1057 1883 1264 1964 anapaestis:

459 2091 607 2154 ‘fundite
624 2091 730 2167 fletuS,
748 2090 836 2153 edite
853 2091 1015 2172 planctus

454 2204 588 2258 resonet
603 2194 689 2257 tristi
704 2195 847 2257 clamore
863 2195 989 2256 iorum:

454 2298 575 2362 cecidit
590 2298 728 2379 pulchre
744 2298 898 2360 cordatus
915 2299 1024 2374 hom0,

455 2423 522 2485 quo
538 2422 605 2464 non
622 2401 705 2464 alius
721 2402 785 2463 luit
801 2401 834 2463 in
850 2411 920 2465 toto

394 2527 400 2534 ·
434 2505 676 2570 -iortiororbe

454 2609 509 2673 ille
525 2611 625 2673 citato
642 2609 774 2672 uincere
790 2629 890 2673 cursu

456 2723 587 2797 poterat
602 2714 735 2788 celeres,
754 2714 808 2776 ille
824 2715 965 2778 rebelles

455 2818 598 2882 fundere
616 2818 755 2880 Parthos
772 2819 968 2902 leuibusque
985 2818 1080 2901 sequi

457 2921 592 2986 Persida
607 2921 690 2996 telis,
708 2932 865 3005 certaque
882 2944 982 2985 manu

455 3027 594 3090 tendere
610 3046 759 3101 neruum,
777 3027 834 3109 qui
850 3026 1047 3108 praecipites

456 3129 594 3193 uulnere
612 3151 716 3212 paruo
732 3131 848 3211 figeret
864 3131 987 3206 hostes,

457 3233 612 3316 pictaque
630 3233 723 3296 Medi
738 3243 832 3314 terga
848 3234 987 3316 fugacis.

456 3337 512 3401 ille
530 3337 708 3400 Britannos
725 3337 811 3398 ultra
827 3338 897 3400 noti

457 3441 555 3506 litora
571 3441 665 3524 ponti
718 3505 723 3516 ,

457 3555 491 3609 et
507 3545 675 3608 caeruleos
692 3553 786 3607 scuta
803 3543 979 3625 Brigantas

459 3649 539 3717 daie
557 3645 729 3717 Romuleis
745 3648 830 3715 colla
846 3647 972 3716 catenis
