2934 4236
193 309 252 387 156
452 316 662 365 xxxouuurs
686 317 731 365 or
755 316 880 364 xonxu
904 317 1029 365 sanna

241 475 306 536 iam
330 494 419 536 nunc
443 473 620 536 subsistite.
675 483 822 536 ceterum
846 473 972 536 incuria
996 494 1148 556 sequens,
1174 477 1295 558 prioris

241 575 469 659 prouidentiae
485 576 645 639 beneficia
661 575 868 658 conrumpit.’

284 690 363 743 tunc
387 689 527 742 nanctae
551 680 617 742 iam
641 681 744 762 portis
769 681 959 761 patentibus
984 683 1146 745 nudatum
1171 684 1294 747 sororis

241 785 387 847 animum
413 783 619 847 facinerosae
643 785 806 859 mulieres,
831 785 961 848 omissis
984 796 1092 849 tectae
1117 787 1293 850 machinae

203 921 216 966 5
241 888 393 964 latibulis,
408 888 572 951 destrictis
588 889 707 968 gladiis
724 889 899 964 fraudium,
915 890 1072 970 simplicis
1089 892 1219 972 puellae
1237 913 1294 972 pa-

242 1003 358 1055 uentes
378 991 596 1073 cogitationes
615 993 785 1054 inuadunt.
855 1011 907 1058 20.
934 994 980 1056 sic
1002 994 1145 1076 denique
1168 996 1292 1058 altera:

242 1096 413 1178 ‘quoniam
428 1116 489 1158 nos
502 1095 638 1177 originis
654 1117 758 1159 nexus
775 1118 836 1179 pro
852 1107 909 1159 tua
925 1097 1149 1160 incolumitate
1166 1099 1294 1181 pericu-

241 1200 308 1262 lum
325 1199 458 1281 quidem
475 1200 601 1262 nullum
623 1210 701 1262 ante
722 1201 835 1263 oculos
859 1201 982 1263 habere
1006 1203 1183 1282 compellit,
1201 1203 1291 1265 uiam

241 1324 306 1386 qua
327 1303 398 1366 sola
419 1304 553 1366 deducit
574 1304 635 1366 iter
654 1304 696 1366 ad
720 1305 860 1367 salutem
885 1305 940 1367 diu
965 1305 1087 1387 diuque
1111 1307 1290 1386 cogitatam

190 1439 218 1472 ιο
233 1394 497 1470 ¹monstrabimus
531 1407 598 1470 tibi.
660 1409 856 1471 nouaculam
892 1419 1114 1490 praeacutam,
1147 1411 1291 1492 adpulsu

240 1510 340 1574 etiam
372 1511 537 1593 palmulae
568 1511 721 1574 lenientis
749 1522 988 1593 exasperatam,
1013 1513 1076 1576 tori
1103 1534 1168 1596 qua
1195 1525 1291 1596 parte

240 1619 362 1684 cubare
388 1621 558 1684 consuesti
584 1621 725 1684 latenter
751 1621 928 1697 absconde,
953 1622 1189 1704 lucernamque
1215 1644 1291 1706 con-

240 1723 381 1800 cinnem,
409 1725 611 1807 completam
639 1725 720 1801 ole0,
749 1725 837 1788 claro
865 1725 989 1789 lumine
1017 1727 1288 1808 praemicantem,

240 1828 344 1890 subde
367 1828 478 1911 aliquo
501 1829 686 1892 claudentis
709 1829 839 1892 aululae
863 1829 1019 1910 tegmine,
1044 1830 1200 1912 omnique
1227 1831 1291 1894 isto

190 1957 216 2004 15
239 1941 403 2013 apparatu
421 1933 630 1996 tenacissime
650 1933 865 2009 dissimulato,
883 1943 1060 2016 postquam
1078 1935 1223 1998 sulcatos
1245 1935 1292 1996 in—

238 2037 374 2100 trahen's
405 2058 540 2120 gressus
571 2037 678 2101 cubile
711 2037 844 2101 solitum
883 2039 1123 2114 conscenderit,
1156 2039 1290 2122 iamque

239 2151 411 2222 porrectus
434 2152 468 2205 et
490 2142 624 2206 exordio
647 2141 755 2205 somni
778 2143 960 2224 prementis
983 2142 1161 2224 implicitus
1185 2145 1288 2206 altum

239 2264 391 2327 soporem
419 2246 498 2309 flare
525 2246 681 2328 coeperit,
706 2256 778 2309 toro
802 2247 939 2328 delapsa
966 2247 1123 2330 nudoque
1146 2247 1289 2329 uestigio

239 2351 401 2430 pensilem
421 2351 560 2432 gradum
581 2353 787 2434 paullulatim
807 2353 969 2428 minuens,
987 2373 1106 2416 caecae
1129 2353 1288 2415 tenebrae

186 2479 215 2511 ω
238 2455 388 2518 custodia
408 2455 547 2518 liberata
567 2456 711 2532 lucerna,
735 2456 896 2538 praeclari
918 2456 967 2518 tui
990 2455 1147 2520 facinoris
1170 2476 1289 2538 oppor-

237 2557 412 2621 tunitatem
436 2559 477 2621 de
501 2559 634 2622 luminis
660 2561 796 2623 consilio
820 2569 979 2636 mutuare,
1005 2570 1038 2623 et
1061 2559 1198 2642 ancipiti
1221 2561 1288 2622 telo

237 2660 301 2738 illo,
328 2663 497 2725 audaciter
523 2663 615 2744 prius
642 2664 777 2726 dextera
805 2677 935 2726 sursum
964 2665 1060 2740 elata,
1085 2664 1160 2726 nisu
1187 2685 1287 2746 quam

237 2765 346 2830 ualido
362 2766 449 2830 noxii
466 2766 630 2848 serpentis
646 2768 770 2830 nodum
787 2767 925 2830 ceruicis
941 2777 974 2830 et
987 2767 1105 2849 capitis
1118 2767 1285 2832 abscinde.

236 2889 298 2932 nec
322 2880 472 2933 nostrum
499 2870 560 2933 tibi
586 2871 691 2933 deerit
718 2871 921 2947 subsidium;
953 2871 1012 2934 sed
1040 2891 1114 2934 cum
1143 2871 1286 2952 primum

184 2995 211 3042 25
236 2971 321 3035 illius
340 2983 445 3036 morte
465 2974 606 3036 salutern
630 2974 690 3036 tibi
712 2975 841 3050 feceris
859 2975 976 3036 anxiae
999 2975 1285 3056 praestolabimus,

235 3076 430 3159 cunctisque
457 3077 528 3140 istis
552 3077 643 3140 ocius
665 3087 775 3141 tecum
799 3078 919 3154 relatis,
937 3079 1059 3141 uotiuis
1082 3079 1208 3160 nuptiis
1232 3080 1288 3142 ho-

236 3179 358 3242 minem
385 3190 417 3244 te
445 3181 621 3263 iungemus
649 3181 794 3245 homini!
869 3200 921 3245 21.
951 3182 1010 3246 tali
1036 3183 1212 3246 uerborum
1241 3183 1287 3244 in-

235 3284 353 3347 cendio
380 3283 548 3348 flammata
574 3285 703 3349 uiscera
729 3285 851 3349 sororis
878 3286 944 3348 iarn
969 3307 1104 3367 prorsus
1128 3286 1284 3349 ardentis.

234 3387 426 3451 deserentes
458 3388 565 3470 ipsam
597 3389 756 3470 protinus,
788 3389 873 3452 tanti
903 3389 982 3452 mali
1012 3389 1192 3467 confinium
1223 3390 1286 3452 sibi

181 3519 211 3564 30
234 3491 333 3554 etiam
350 3491 467 3555 eximie
484 3502 679 3569 metuentes,
698 3493 795 3556 flatus
818 3493 902 3556 alitis
924 3493 1069 3575 impulsu
1094 3493 1190 3556 solito
1214 3513 1286 3575 por-

234 3605 343 3659 rectae
365 3616 466 3678 super
485 3597 657 3677 scopulum
680 3596 754 3660 ilico
776 3596 903 3678 pernici
924 3617 960 3660 se
981 3597 1064 3678 luga
1087 3595 1283 3680 proripiunt,

234 3698 412 3780 statimque
428 3699 618 3762 conscensis
635 3700 777 3762 nauibus
793 3700 925 3763 abeunt.
