2934 4236
245 304 305 371 150
504 307 713 356 FRAGMENTS
737 305 781 356 OF
805 307 931 357 ROMAN
954 307 1080 357 SA'l'IRE

294 459 358 522 iam
389 459 454 524 iam
478 481 607 524 sursum
632 462 776 544 respicit,
800 473 834 527 et
856 464 954 526 deam
977 465 1082 546 spirat
1105 465 1230 539 mulier,
1256 487 1357 548 quae

291 585 391 628 uoces
415 565 552 628 ancillas
577 566 733 629 habetet
756 567 865 630 uentis
888 567 969 649 ipsis
992 569 1167 650 imperitat.
1218 581 1252 632 at
1278 591 1355 652 ego

258 719 261 726 .
292 669 411 731 misera
439 669 581 750 primum
613 679 708 751 patre
739 691 813 734 meo
845 671 1009 735 seniorem
1040 673 1194 736 maritum
1225 675 1355 737 sortita

291 793 373 847 sum,
396 773 472 834 dein
496 773 667 836 cucurbita
690 774 867 837 caluiorem
891 785 925 838 et
947 777 1065 858 quouis
1090 798 1194 858 puero
1219 779 1354 859 pusilli-

252 905 265 950 5
291 897 389 949 orem,
408 886 562 939 cunctam
589 877 724 938 domum
749 877 830 940 seris
853 888 887 941 et
913 879 1040 942 catenis
1063 881 1210 943 obditam
1235 893 1352 944 custo-

290 979 456 1042 dientem'

336 1104 386 1148 ro.
413 1084 551 1166 suscipit
567 1085 649 1148 alia:
677 1091 759 1167 ‘ego
775 1106 854 1150 uero
870 1087 1024 1150 maritum
1049 1089 1215 1151 articulari
1239 1089 1347 1151 etiam

289 1188 404 1250 morbo
425 1188 658 1270 complicatum
678 1200 918 1272 curuatumque
940 1211 979 1254 ac
1003 1212 1062 1272 per
1085 1193 1153 1254 hoc
1171 1193 1347 1256 rarissimo

289 1312 445 1354 uenerem
462 1313 570 1354 meam
588 1292 789 1355 recolentem
806 1293 963 1370 sustine0,
980 1297 1175 1376 plerumque
1192 1297 1346 1360 detortos

237 1418 265 1450 10
288 1405 321 1458 et
344 1396 480 1458 duratos
504 1396 536 1458 in
560 1396 704 1477 lapidem
728 1397 850 1478 digitos
874 1397 945 1460 eius
968 1399 1162 1480 perfricans
1180 1401 1345 1464 fomentis

288 1499 383 1562 olidis
393 1509 427 1562 et
439 1500 558 1581 pannis
569 1501 709 1563 sordidis
722 1510 755 1563 et
766 1501 899 1564 faetidis
912 1503 1207 1583 cataplasmatibus
1220 1524 1344 1566 manus

287 1613 356 1666 tam
372 1604 530 1667 delicatas
546 1604 626 1666 istas
642 1605 795 1680 adurens,
813 1611 875 1668 ηερ
891 1606 1001 1668 uxoris
1017 1606 1197 1669 officiosam
1216 1607 1343 1669 faciem

288 1709 347 1770 sed
363 1709 511 1770 medicae
527 1708 724 1771 laboriosam
741 1729 918 1790 personam
935 1710 1111 1772 sustinens.
1166 1720 1200 1772 et
1217 1720 1254 1772 tu
1271 1711 1344 1792 qui-

288 1812 372 1887 dem,
405 1832 506 1887 soror,
538 1812 668 1887 uideris,
698 1833 797 1894 quam
828 1813 976 1894 patienti,
1004 1814 1057 1874 uel
1085 1814 1195 1894 potius
1226 1815 1343 1876 seruili

236 1936 262 1982 15
286 1911 409 1998 (dicam
433 1915 521 1978 enim
545 1915 647 1978 libere
670 1916 759 1998 quod
783 1916 906 2000 sentio)
924 1917 1007 1979 haec
1031 1917 1182 1998 perferas
1206 1917 1342 1981 animo:

287 2019 375 2080 enim
399 2040 478 2082 uero
506 2039 569 2100 ego
596 2040 726 2101 nequeo
754 2020 917 2083 sustinere
944 2021 1081 2082 ulterius
1108 2031 1176 2082 tam
1204 2021 1341 2084 beatam

286 2123 456 2185 fortunam
481 2123 674 2204 conlapsam
699 2123 864 2205 indignae.
919 2125 1093 2188 recordare
1120 2125 1208 2186 enim
1236 2147 1341 2206 quam

287 2227 438 2308 superbe,
457 2248 555 2309 quam
573 2228 774 2308 adroganter
790 2228 963 2291 nobiscum
979 2229 1093 2309 egerit,
1105 2239 1138 2291 et
1151 2229 1224 2310 ipsa
1240 2229 1342 2292 iacta-

286 2330 375 2392 tione
391 2331 576 2393 inmodicae
593 2332 824 2394 ostentationis
839 2341 1023 2394 tumentem
1040 2353 1137 2394 suum
1154 2333 1341 2414 prodiderit

233 2458 263 2490 20
286 2434 441 2510 animum,
466 2435 574 2516 deque
597 2435 699 2498 tantis
722 2435 845 2498 diuitiis
869 2435 988 2516 exigua
1013 2436 1109 2498 nobis
1136 2436 1241 2499 inuita
1264 2458 1341 2518 pro-

285 2537 406 2614 iecerit,
421 2538 663 2620 confestimque
683 2539 872 2620 praesentia
888 2549 1002 2602 nostra
1017 2550 1166 2620 grauata,
1184 2542 1337 2621 propelli,

285 2652 319 2705 et
346 2641 457 2717 efflari,
482 2641 713 2724 exsibilarique
740 2664 801 2706 nos
825 2643 964 2706 iusserit.
1023 2665 1084 2707 nec
1109 2665 1182 2707 sum
1207 2644 1336 2720 mulier,

284 2767 347 2809 nec
378 2745 512 2809 omnino
540 2747 638 2828 spiro,
663 2747 727 2809 nisi
754 2769 827 2810 eam
856 2768 990 2829 pessum
1018 2749 1059 2810 de
1086 2748 1188 2810 tantis
1215 2749 1338 2830 opibus

285 2851 444 2913 deiecero
500 2871 547 2926 ac,
573 2851 600 2914 si
623 2851 683 2914 tibi
710 2851 819 2927 etiam,
844 2861 880 2914 ut
907 2873 967 2933 par
990 2861 1049 2926 est,
1074 2852 1198 2914 inacuit
1222 2864 1338 2916 nostra

232 2976 260 3022 25
285 2955 492 3030 contumelia,
511 2955 683 3018 consilium
700 2955 845 3018 ualidum
862 2956 1067 3038 requiramus
1084 2956 1210 3018 ambae.
1258 2956 1338 3018 iam-

285 3079 348 3140 que
364 3057 427 3120 ista
444 3078 529 3140 quae
545 3059 683 3122 ferimus
699 3080 766 3122 non
783 3059 976 3141 parentibus
996 3060 1116 3123 nostris
1135 3081 1174 3122 ac
1194 3081 1256 3123 nec
1278 3061 1337 3123 ulli

285 3172 507 3225 monstremus
531 3163 603 3239 alii;
629 3163 730 3226 immo
754 3184 816 3226 nec
841 3164 976 3227 omnino
1000 3165 1176 3247 quicquam
1198 3165 1240 3227 de
1263 3165 1336 3227 eius

285 3266 390 3328 salute
407 3266 562 3329 norimus
610 3277 661 3330 sat
677 3277 727 3330 est
744 3268 832 3350 quod
845 3268 937 3350 ipsae
951 3268 1093 3330 uidimus
1109 3290 1194 3350 quae
1211 3269 1335 3331 uidisse

233 3407 237 3414 ·
285 3370 455 3451 paenituit,
473 3371 596 3433 nedum
612 3381 649 3434 ut
665 3371 870 3452 genitoribus
889 3382 923 3435 et
942 3372 1095 3434 omnibus
1114 3371 1246 3453 populis
1264 3380 1333 3433 tam

229 3502 261 3547 30
284 3474 418 3537 beatum
449 3475 519 3538 eius
550 3475 745 3538 differamus
772 3475 995 3557 praeconium.
1045 3495 1106 3538 nec
1137 3485 1215 3538 sunt
1244 3474 1333 3538 enim

284 3579 372 3642 beati
388 3601 528 3661 quorum
545 3579 678 3642 diuitias
695 3601 791 3642 nemo
808 3579 910 3642 nouit.
959 3579 1040 3642 sciet
1057 3599 1093 3642 se
1109 3599 1176 3642 non
1197 3579 1334 3642 ancillas

220 3715 230 3756 ς
285 3683 343 3744 sed
371 3703 498 3745 sorores
526 3683 649 3745 habere
676 3683 825 3746 maiores.
882 3693 916 3748 et
942 3703 1031 3747 nunc
1062 3681 1195 3768 quidem
1219 3702 1334 3780 cpnce·
