2926 4232
660 306 781 354 VARRO

467 460 534 512 And
546 461 624 513 doors
630 460 742 529 sramed
755 461 783 511 in
796 461 969 514 ciimaoood.

167 576 222 640 86.
257 572 291 636 in
307 572 426 657 quibus
445 573 588 658 Libyssa
604 574 706 638 citrus
722 573 835 638 fasciis
852 574 956 657 cingit
972 575 1071 640 iores.
1102 663 1129 716 N
1190 662 1225 715 86

1131 677 1176 716 on.
1226 679 1269 732 .9.

591 839 842 888 ΚΟΣΜΟΤΟΡΤΝΗ

559 950 629 1026 Περὶ
648 948 756 1026 φθορᾶς
775 949 880 1025 κόσμου

416 1073 494 1128 Moti
507 1076 562 1127 and
575 1083 630 1126 runt
643 1092 688 1127 are
702 1075 847 1143 constantly
858 1076 1020 1146 corruptiviy,

167 1199 221 1275 87.
299 1196 448 1278 singulos
485 1197 588 1260 lectos
625 1207 746 1260 stratos
784 1197 841 1260 ubi
879 1197 1064 1275 habuimus,
1099 1200 1270 1263 amisimus

255 1311 392 1384 propter
415 1301 536 1365 cariem
562 1311 596 1364 et
620 1301 746 1365 tiniam.
1085 1332 1157 1384 Non.
1172 1332 1213 1400 83·
1231 1346 1268 1384 ,0,

354 1502 420 1554 And
431 1503 508 1555 death
522 1503 595 1555 waits
609 1520 679 1571 upon
692 1503 732 1554 the
746 1519 807 1571 vary
818 1503 973 1574 beqinninqs
986 1504 1021 1574 os
1029 1504 1086 1574 lise.

166 1619 220 1684 88.
254 1619 391 1700 propter
406 1639 527 1682 cunam
544 1616 700 1700 capuhim
716 1618 861 1701 positum

254 1721 365 1786 nutrix
380 1723 480 1785 tradit
498 1722 662 1805 polisctori
951 1752 1024 1804 Non¹
1037 1765 1064 1816 4‘
1079 1765 1129 1817 203
1152 1765 1210 1821 157,
1225 1766 1268 1805 20,

399 1922 470 1976 civil
484 1897 551 1975 mais
564 1923 619 1975 also
631 1923 695 1975 have
709 1923 817 1992 brouyht
829 1923 905 1976 death
918 1931 943 1976 to
956 1941 1044 1993 many.

166 2041 221 2120 89.
412 2089 418 2102 .
445 2089 451 2102 .
478 2089 483 2102 .
509 2037 589 2121 t6ga
604 2049 710 2102 tracta
726 2049 777 2102 est

254 2153 288 2206 et
303 2141 413 2206 abblla
428 2143 507 2206 data
523 2154 592 2219 est;
617 2144 660 2205 ad
675 2141 806 2206 tirbam
822 2143 877 2220 iui,

254 2248 328 2311 fera
344 2247 470 2310 mssitiai
486 2244 624 2310 manera
640 2246 718 2310 belli
1212 2305 1219 2316 ,

254 2361 291 2414 ut
307 2352 520 2433 praestarem.
1065 2382 1138 2433 Non,
1153 2381 1212 2450 538·
1231 2381 1268 2434 16.

165 2529 220 2589 90.
254 2509 373 2572 Africa
388 2508 563 2571 terribilis:
587 2518 703 2572 contra
719 2529 916 2572 concurrere
933 2509 1015 2573 ciuis
1046 2557 1048 2562 -

253 2612 318 2676 ciui
333 2621 433 2696 atque
450 2613 589 2676 Aeneae
606 2612 737 2676 misceri
752 2613 914 2695 sanguine
931 2634 1091 2696 sanguen.

1082 2717 1155 2771 Non.
1169 2732 1227 2784 224.
1242 2734 1267 2787 3.

472 2812 539 2865 Add
550 2821 575 2866 to
588 2813 655 2866 these
668 2813 707 2866 the
716 2813 802 2882 petila
814 2814 848 2883 of
859 2815 899 2866 the
911 2832 964 2878 sea,

190 2950 219 2995 1.
791 2979 797 2992 .
824 2979 829 2992 .
856 2980 862 2992 .
888 2941 921 2993 at
946 2951 988 2994 ue

165 2951 185 3011 9
297 3034 435 3116 Aegeus
451 3033 572 3096 fluctus
588 3053 688 3116 quam
706 3032 787 3096 lauit
804 3054 901 3096 amne
918 2953 1038 3116 §quiin

253 3157 375 3202 saeuus
390 3137 448 3202 ubi
464 3137 575 3219 posuit
593 3137 743 3219 Neptuni
760 3137 845 3200 filius
862 3138 987 3201 urbem.
1065 3183 1140 3236 Non·
1155 3196 1213 3252 503·
1227 3198 1242 3236 2
1244 3199 1259 3252 3

342 3337 418 3390 Even
431 3339 505 3390 when
518 3338 558 3390 the
571 3337 682 3390 traveler
694 3336 717 3388 is
728 3336 849 3406 joyfully
862 3337 999 3410 returninq
1011 3341 1091 3394 home.

165 3471 217 3536 92.
253 3453 338 3518 detis
355 3455 505 3518 habenas
522 3453 652 3516 animae
669 3452 744 3528 leni,

252 3559 331 3621 dum
348 3556 409 3620 n6s
425 3567 546 3620 uentus
563 3555 696 3620 flamine
713 3557 796 3620 sudo

296 3681 434 3725 suauem
450 3659 491 3723 ad
509 3660 649 3744 patriam
668 3659 827 3743 perdicit.
1061 3691 1134 3743 Non⁸
1149 3705 1200 3759 ²33
1223 3709 1255 3761 33
