2934 4236
548 257 743 308 PETRONIVS
765 257 920 308 ARBITER
1226 265 1281 312 121

230 425 306 478 tura
329 415 465 490 moueri,
491 415 549 478 sed
576 415 771 478 destitutum
799 415 982 478 ministerio
1010 435 1076 479 non
1102 435 1285 497 agnoscere

231 519 428 600 dignitatem
446 539 549 581 suam.
593 527 768 600 praeterea
784 518 908 582 habere
924 519 957 582 in
974 519 1092 582 Africa
1108 519 1285 584 trecenties

231 623 421 685 sestertium
445 622 558 685 fundis
582 622 840 704 nominibusque
859 623 1065 704 depositum;
1091 643 1167 686 nam
1192 623 1285 686 fami·

230 726 309 789 liam
340 727 474 809 quidem
506 737 573 789 tam
605 746 762 806 magnam
794 745 853 808 per
880 746 979 807 agros
1009 726 1187 790 Numidiae
1210 747 1284 791 esse

192 840 206 886 5
230 851 390 911 sparsam,
409 840 445 893 ut
464 830 570 912 possit
589 830 642 892 uel
660 829 899 910 Carthaginem
923 849 1052 912 capere.
1100 831 1282 894 secundum

230 934 318 997 hanc
342 934 520 996 formulam
544 933 747 1015 imperamus
774 933 949 1014 Eumolpo,
967 943 1003 997 ut
1025 933 1202 1016 plurimum
1220 945 1285 998 tus

231 1037 303 1113 siat,
333 1047 369 1099 ut
399 1037 442 1100 sit
472 1037 572 1100 modo
600 1036 765 1100 solutioris
792 1037 954 1100 stomachi
981 1037 1140 1120 cibosque
1168 1058 1284 1102 omnes

231 1141 343 1222 palam
359 1141 511 1217 damnet;
536 1142 690 1223 loquatur
708 1160 824 1203 aurum
842 1150 876 1204 et
894 1151 1070 1222 argentum
1095 1143 1283 1225 fundosque

231 1245 410 1308 mendaces
438 1255 471 1308 et
499 1255 696 1327 perpetuam
723 1255 886 1307 terrarum
914 1245 1137 1322 sterilitatem;
1169 1247 1285 1310 sedeat

179 1361 208 1393 10
231 1359 405 1430 praeterea
436 1349 582 1431 quotidie
613 1349 656 1411 ad
688 1349 835 1412 rationes
865 1349 1062 1432 tabulasque
1092 1351 1284 1414 testamenti

231 1453 385 1516 omnibus
409 1451 570 1515 mensibus
594 1463 742 1516 renouet.
797 1463 830 1516 et
854 1473 896 1516 ne
921 1454 1001 1536 quid
1028 1474 1169 1517 scaenae
1194 1455 1285 1518 dees

232 1567 292 1632 set,
310 1557 572 1640 quotiescunque
594 1557 737 1640 aliquem
760 1567 909 1620 nostrum
933 1577 1053 1621 uocare
1077 1568 1282 1640 temptasset,

231 1661 332 1724 alium
360 1681 420 1742 pro
448 1659 511 1723 alio
539 1670 683 1736 uocaret,
712 1671 748 1723 ut
776 1661 873 1723 facile
905 1671 1082 1742 appareret
1113 1661 1283 1725 dominum

231 1763 331 1828 etiam
355 1784 469 1827 eorum
493 1763 693 1840 meminisse,
716 1765 773 1847 qui
796 1774 990 1847 praesentes
1014 1786 1081 1829 non
1105 1776 1225 1829 essent.

683 1891 701 1928 Ι
751 1892 768 1926 ἱ
816 1892 833 1927 ἕ

179 1993 207 2040 1⁵
278 1975 352 2039 118.
379 1974 518 2036 ‘multos
546 1969 671 2056 [inquit
699 1973 893 2054 Eumolpus,
920 1971 957 2057 ο]
985 1972 1123 2037 iuuenes
1150 1994 1283 2037 carmen

231 2077 371 2158 decepit.
419 2097 497 2139 nam
517 2086 553 2140 ut
572 2077 711 2160 quisque
728 2097 862 2140 uersum
887 2077 1027 2158 pedibus
1044 2077 1197 2142 instruxit
1213 2099 1284 2142 sen-

231 2201 373 2263 sumque
399 2181 598 2244 teneriorem
622 2181 799 2244 uerborum
825 2181 950 2244 ambitu
978 2181 1127 2257 intexuit,
1154 2184 1284 2264 putauit

231 2305 268 2347 se
284 2285 443 2348 continuo
460 2285 493 2347 in
512 2284 711 2348 Heliconem
727 2284 866 2347 uenisse.
905 2285 951 2347 sie
968 2285 1159 2348 forensibus
1175 2287 1284 2350 minis-

231 2388 322 2451 teriis
345 2387 516 2451 exercitati
543 2389 738 2471 frequenter
761 2388 803 2450 ad
830 2387 986 2450 carminis
1010 2389 1304 2471 tranquillitatem

178 2529 209 2561 ,ο
230 2501 390 2574 tanquam
421 2492 463 2554 ad
495 2502 628 2574 portum
661 2491 842 2555 feliciorem
874 2493 1080 2574 refugerunt,
1109 2494 1283 2558 credentes

231 2596 362 2660 facilius
389 2616 510 2678 poema
533 2595 639 2658 extrui
666 2616 775 2677 posse,
800 2617 900 2678 quam
928 2597 1189 2660 controuersiam
1212 2618 1283 2661 sen·

230 2699 376 2763 tentiolis
392 2699 599 2762 uibrantibus
621 2699 753 2780 pictam.
801 2709 948 2762 ceterum
965 2719 1073 2781 neque
1090 2701 1283 2780 generosior

231 2803 367 2884 spiritus
386 2803 566 2866 uanitatem
588 2813 686 2878 amat,
704 2823 812 2886 neque
831 2804 1006 2885 concipere
1023 2813 1080 2865 aut
1096 2804 1194 2867 edere
1211 2826 1283 2887 par-

230 2917 300 2969 tum
316 2927 411 2970 mens
427 2917 538 2988 potest
550 2906 613 2969 nisi
629 2906 758 2988 ingenti
774 2907 908 2970 flumine
925 2907 1093 2970 literarum
1111 2907 1279 2972 inundata.

179 3034 206 3081 ες
230 3011 466 3092 refugiendum
482 3020 532 3074 est
549 3011 591 3072 ab
607 3010 697 3072 omni
713 3011 899 3086 uerborum,
914 3020 950 3073 ut
967 3010 1013 3073 ita
1025 3011 1143 3086 dicam,
1156 3013 1281 3077 uilitate

177 3097 180 3101 ¹
230 3124 263 3177 et
279 3115 460 3178 sumendae
477 3135 578 3177 uoces
599 3135 619 3175 a
640 3113 737 3194 plebe
761 3125 918 3190 semotae,
936 3124 972 3177 ut
991 3115 1049 3178 fiat
1067 3115 1150 3178 “odi
1174 3117 1282 3198 profa-

230 3239 310 3280 num
340 3219 462 3300 uulgus
493 3229 526 3280 et
556 3219 686 3281 arce0.”
733 3228 905 3299 praeterea
936 3219 1121 3289 curandum
1152 3230 1212 3295 est,
1239 3241 1281 3282 ne

230 3323 415 3386 sententiae
446 3322 614 3384 emineant
642 3331 734 3384 extra
761 3341 881 3403 corpus
909 3322 1067 3385 orationis
1093 3343 1279 3405 expressae,

230 3426 288 3488 sed
312 3426 436 3488 intexto
460 3425 610 3488 uestibus
631 3426 740 3488 colore
762 3425 897 3488 niteant.
948 3427 1117 3488 Homerus
1136 3427 1231 3489 testis
1248 3437 1281 3490 et

177 3555 206 3600 30
229 3529 323 3614 lyrici
341 3530 579 3611 Romanusque
595 3529 763 3610 Vergilius
779 3539 812 3591 et
830 3529 962 3591 Horatii
978 3530 1108 3593 curiosa
1127 3530 1278 3592 felicitas.

229 3633 331 3696 ceteri
354 3633 442 3696 enim
463 3643 521 3695 aut
545 3654 611 3694 non
633 3633 788 3695 uiderunt
811 3633 908 3707 uiam,
934 3654 999 3714 qua
1022 3633 1124 3695 iretur
1147 3633 1189 3694 ad
1214 3654 1279 3696 car·
