2926 4232
545 247 739 354 amnonius
762 288 915 338 nnuman
1239 283 1282 361 87

230 443 312 506 mihi
336 443 439 506 natali
466 463 540 507 meo
567 443 671 506 cliens
698 443 833 526 quidam
861 445 1054 520 donauerat,
1079 445 1182 531 Tyria
1208 447 1280 510 sine

229 547 340 622 dubio,
358 547 417 610 sed
436 547 501 610 iam
522 548 625 610 semel
647 547 723 610 lota.
792 565 846 624 31.
871 547 952 630 quid
973 569 1053 630 ergo
1074 551 1147 613 est?
1192 551 1280 614 dono

229 651 324 714 uobis
341 653 439 714 eum'

274 755 411 836 obligati
434 765 506 818 tam
526 756 646 838 grandi
669 755 830 820 beneficio
854 776 929 820 cum
950 757 1168 822 intrassemus
1184 759 1281 822 tricli-

141 881 147 884 ·
191 888 205 935 5
230 859 331 935 nium,
357 859 499 922 occurrit
524 859 620 922 nobis
647 859 701 922 ille
728 860 816 923 idern
848 880 974 936 seruuS,
1001 882 1061 943 pro
1092 884 1157 944 quo
1189 884 1281 944 roga-

229 983 393 1039 ueramus,
437 973 471 1026 et
512 963 723 1045 stupentibus
766 965 967 1046 spississima
1008 966 1100 1028 basia
1141 966 1280 1048 impegit

229 1067 353 1148 gratias
380 1086 485 1149 agens
512 1067 710 1132 humanitati
737 1079 877 1132 nostrae.
937 1069 978 1132 ad
1010 1090 1173 1133 summam
1200 1077 1280 1134 ‘sta-

228 1171 288 1234 tim
315 1171 444 1234 scietis’
470 1171 516 1234 ait
541 1171 612 1235 ‘cui
638 1172 796 1235 dederitis
823 1173 1028 1236 beneficium.
1085 1174 1198 1238 uinum
1226 1175 1280 1238 do-

229 1274 386 1338 minicum
411 1275 641 1338 ministratoris
664 1276 772 1356 gratia
794 1277 861 1339 est’

747 1403 764 1438 *

178 1513 206 1544 10
272 1484 408 1547 tandem
433 1503 513 1565 ergo
532 1483 760 1547 discubuimus
777 1485 888 1566 pueris
905 1485 1141 1549 Alexandrinis
1157 1507 1277 1568 aquam

229 1587 262 1649 in
286 1607 404 1650 manus
427 1587 575 1650 niuatam
598 1588 852 1652 infundentibus
873 1589 1011 1672 aliisque
1028 1590 1279 1672 insequentibus

229 1691 272 1753 ad
295 1691 398 1773 pedes
422 1712 461 1754 ac
485 1691 689 1776 paronychia
705 1713 781 1756 cum
797 1692 925 1774 ingenti
942 1693 1122 1756 subtilitate
1139 1695 1279 1757 tollenti-

158 1787 161 1792 ’
228 1795 299 1857 bus.
346 1815 385 1858 ac
402 1815 444 1858 ne
460 1795 493 1856 in
511 1796 573 1858 hoc
590 1795 723 1878 quidem
740 1807 808 1858 tam
825 1798 964 1860 molesto
983 1797 1140 1860 tacebant
1160 1797 1276 1871 officio,

229 1899 287 1960 sed
304 1897 409 1962 obiter
422 1899 611 1962 cantabant.
658 1919 721 1980 ego
738 1901 880 1982 experiri
896 1901 994 1975 uolui,
1009 1922 1051 1962 an
1068 1901 1138 1964 tot'a
1154 1902 1279 1966 familia

178 2028 204 2074 15
229 2013 387 2080 cantaret,
412 2004 524 2086 itaque
550 2005 718 2086 potionem
746 2006 893 2088 poposci.
941 2006 1169 2087 paratissimus
1196 2027 1279 2087 puer

229 2127 295 2170 non
320 2108 430 2171 minus
449 2127 502 2171 me
524 2109 619 2172 acido
638 2110 767 2173 cantico
783 2110 922 2191 excepit,
940 2119 973 2172 et
989 2110 1137 2192 quisquis
1155 2110 1278 2192 aliquid

229 2221 366 2293 rogatus
390 2222 462 2276 erat
485 2223 521 2276 ut
545 2213 640 2276 daret
816 2214 1012 2295 pantomimi
1039 2215 1185 2288 chorum,
1211 2234 1277 2282 non

229 2315 333 2396 patris
363 2317 510 2380 familiae
541 2317 718 2380 triclinium
749 2318 910 2380 crederes.
961 2319 1061 2380 allata
1088 2327 1138 2380 est
1165 2327 1277 2380 tamen

228 2419 373 2502 gustatio
386 2421 483 2483 ualde
495 2421 586 2484 lauta
596 2442 603 2496 ;
625 2442 703 2483 nam
720 2421 785 2483 iam
802 2442 918 2484 omnes
935 2421 1170 2484 discubuerant
1187 2442 1278 2503 prae-

176 2547 205 2578 ω
228 2533 278 2584 ter
298 2523 407 2605 ipsum
429 2524 721 2600 Trimalchionem,
739 2526 792 2588 cui
813 2527 904 2588 locus
925 2547 1013 2588 nouo
1037 2546 1127 2588 more
1152 2525 1277 2607 primus

228 2628 431 2691 seruabatur.
479 2639 626 2692 ceterum
657 2629 743 2692 inter
770 2629 1024 2711 promulsidaria
1055 2631 1176 2692 asellus
1207 2640 1277 2693 erat

228 2731 419 2796 Corinthius
443 2753 517 2796 cum
541 2733 685 2796 bisaccio
710 2733 846 2814 positus,
869 2733 925 2816 qui
949 2734 1093 2796 habebat
1117 2734 1221 2796 oliuas
1242 2734 1275 2796 in

227 2837 331 2899 altera
355 2847 449 2924 parte
472 2836 574 2912 albas,
599 2836 632 2898 in
657 2838 760 2900 altera
784 2837 905 2918 nigras.
952 2838 1112 2918 tegebant
1137 2839 1275 2900 asellum

227 2940 312 3003 duae
336 2940 457 3016 lances,
476 2941 509 3002 in
533 2961 673 3023 quarum
698 2941 903 3022 marginibus
922 2961 1043 3004 nomen
1064 2942 1276 3006 Trimalchio-

175 3069 203 3113 25
226 3044 277 3107 nis
301 3043 497 3126 inscriptum
520 3054 592 3106 erat
611 3054 644 3107 et
665 3045 795 3126 argenti
812 3046 951 3127 pondus
1000 3045 1160 3126 ponticuli
1176 3045 1276 3108 etiam

226 3147 434 3210 ferruminati
450 3147 658 3211 sustinebant
674 3149 774 3230 glires
787 3150 885 3211 melle
898 3169 936 3211 ac
949 3169 1117 3230 papauere
1130 3170 1274 3230 sparsos

225 3251 361 3314 fuerunt
377 3261 411 3314 et
426 3251 592 3314 tomacula
608 3272 708 3333 super
724 3253 916 3314 craticulam
933 3262 1124 3333 argenteam
1146 3254 1276 3316 feruen-

224 3355 270 3417 tia
293 3354 411 3436 posita,
429 3363 462 3418 et
477 3354 565 3416 infra
581 3354 773 3418 craticulam
790 3356 927 3440 Syriaca
945 3377 1051 3437 pruna
1067 3377 1143 3418 cum
1162 3357 1276 3438 granis

226 3457 342 3522 Punici
357 3459 443 3521 mali.

172 3590 202 3636 30
269 3581 323 3638 32.
349 3561 382 3625 in
406 3562 458 3625 his
481 3583 612 3626 eramus
636 3563 781 3639 lautitiis,
807 3583 882 3626 cum
907 3564 978 3645 ipse
1002 3564 1205 3628 Trimalchio
1233 3565 1274 3626 ad

224 3666 460 3752 symphoniam
477 3666 597 3730 allatus
610 3677 661 3730 est
674 3667 868 3750 positusque
885 3667 970 3730 inter
982 3668 1157 3730 ceruicalia
1173 3668 1275 3730 muni·
