2934 4236
182 331 243 378 110
444 323 655 373 FRAGMENTS
677 323 722 372 OF
745 323 870 372 ROMAN
894 323 1020 372 SATIRE

231 503 284 547 ses
297 483 388 546 illum
402 500 535 563 semper
547 499 676 542 mecum
693 479 868 542 habitasse.
936 496 990 557 77.
1013 500 1104 561 rogo,
1120 480 1286 543 Habinna

231 597 372 670 —put0,
389 583 636 649 interfuisti-z
661 589 723 645 “tu
741 583 910 646 dominam
928 593 1020 645 tuam
1038 584 1080 646 de
1100 583 1200 646 rebus
1219 585 1286 648 illis

232 691 349 754 fecisti.
396 700 432 752 tu
464 707 581 770 parum
608 687 688 749 felix
710 687 744 748 in
768 687 892 750 amicos
915 706 961 749 es
1007 707 1106 750 nemo
1134 708 1285 770 unquam

157 831 160 838 ·
231 794 291 858 tibi
315 814 428 876 parem
453 791 593 873 gratiam
618 791 729 854 relert.
775 799 812 853 tu
837 791 1015 854 latifundia
1039 791 1199 872 possides.
1248 803 1284 855 tu

195 926 208 974 5
232 898 381 980 uiperam
407 895 468 959 sub
488 895 540 958 ala
565 894 736 957 nutricas”
759 903 801 970 et,
821 894 911 976 quod
932 895 1027 957 uobis
1048 916 1115 958 non
1135 895 1284 972 dixerim,

232 1012 265 1065 et
281 1022 369 1064 nunc
394 999 438 1062 mi
461 1009 586 1062 restare
607 998 694 1060 uitae
713 1018 819 1062 annos
841 998 978 1080 triginta
994 1008 1028 1061 et
1043 1019 1177 1062 menses
1193 1011 1288 1082 quat·

232 1116 308 1169 tuor
323 1115 357 1168 et
372 1105 443 1167 dies
460 1104 552 1166 duos
600 1112 774 1183 praeterea
789 1101 854 1165 cito
872 1101 1032 1183 accipiam
1054 1103 1284 1166 hereditatem.

234 1211 297 1272 hoc
320 1209 401 1272 mihi
424 1207 503 1270 dicit
526 1207 616 1269 fatus
641 1225 742 1268 meus.
790 1206 880 1287 quod
906 1205 934 1268 si
958 1207 1135 1288 contigerit
1161 1208 1287 1271 fundos

234 1313 380 1396 Apuliae
411 1312 557 1392 iungere,
584 1309 663 1372 satis
686 1309 783 1372 uiuus
809 1330 1001 1391 peruenero.
1050 1311 1181 1374 interim
1206 1313 1286 1374 dum

183 1409 211 1480 io
236 1416 423 1480 Mercurius
453 1414 579 1495 uigilat,
604 1413 778 1476 aedificaui
809 1414 895 1476 hanc
926 1415 1069 1477 domum.
1118 1425 1154 1478 ut
1185 1416 1286 1492 scitiS,

234 1521 348 1585 casula
371 1529 457 1596 erat;
482 1539 570 1581 nunc
592 1517 754 1598 templum
771 1527 830 1580 est.
878 1518 979 1580 habet
995 1528 1151 1600 quattuor
1167 1520 1289 1582 cenati-

235 1644 325 1700 ones,
343 1623 495 1687 cubicula
513 1621 641 1702 uiginti,
659 1621 806 1703 porticus
823 1632 1041 1684 marmoratos
1060 1623 1153 1698 duos,
1172 1644 1288 1686 susum

235 1728 455 1802 cenationem,
469 1725 657 1790 cubiculum
671 1725 704 1786 in
717 1717 785 1806 quo'
799 1725 871 1807 ipse
888 1725 1025 1801 dormio,
1038 1726 1173 1808 uiperae
1190 1727 1289 1790 huius

236 1831 424 1907 sessorium,
442 1829 566 1893 ostiarii
582 1829 701 1892 cellam
718 1829 916 1911 perbonam;
941 1830 1121 1911 hospitium
1139 1831 1289 1913 hospites

185 1966 212 2013 15
236 1935 334 2018 capit.
381 1935 423 1998 ad
448 1953 621 2008 summam,
648 1933 793 1997 Scaurus
814 1953 889 1995 cum
914 1933 979 1996 huc
1003 1933 1104 2009 uenit,
1123 1954 1289 2018 nusquam

237 2039 397 2103 mauoluit
420 2037 588 2120 hospitari,
615 2046 648 2100 et
675 2036 776 2099 habet
800 2037 842 2099 ad
867 2057 957 2099 mare
980 2047 1156 2119 paternum
1181 2039 1291 2120 hospi-

236 2144 328 2207 tium.
375 2153 409 2206 et
431 2143 536 2204 multa
560 2140 624 2203 alia
647 2150 734 2216 sunt,
752 2161 838 2222 quae
860 2140 970 2203 statim
992 2141 1086 2204 uobis
1104 2142 1287 2205 ostendam.

237 2248 361 2311 credite
377 2246 474 2309 mihi:
498 2244 759 2319 assem-habeas
777 2264 886 2307 assem
902 2245 1034 2322 ualeas;
1059 2246 1172 2321 habes
1191 2247 1291 2310 habe-

237 2351 332 2415 beris
380 2351 427 2414 sic
450 2349 576 2412 amicus
600 2357 720 2423 uester,
745 2348 802 2430 qui
828 2348 892 2410 iuit
918 2368 1008 2424 rana,
1033 2369 1122 2412 nunc
1145 2360 1197 2413 est
1222 2371 1288 2413 rex.

185 2481 214 2514 ω
237 2455 378 2530 interim,
397 2454 519 2528 Stiche,
538 2453 652 2534 profer
668 2451 790 2526 uitalia,
807 2451 841 2514 in
858 2451 978 2533 quibus
995 2453 1071 2516 uolo
1093 2473 1145 2516 me
1165 2455 1289 2517 efferri.

238 2560 352 2642 profer
368 2569 401 2622 et
417 2567 625 2638 unguentum
642 2566 675 2619 et
691 2577 732 2619 ex
747 2556 803 2618 illa
819 2557 980 2637 amphora
1004 2567 1148 2638 gustum,
1167 2577 1208 2620 ex
1224 2579 1291 2640 qua

237 2663 334 2726 iubeo
351 2661 455 2725 lauari
471 2681 547 2724 ossa
563 2661 658 2723 mea’
783 2741 784 2744 Ἴ

281 2769 335 2845 78.
361 2775 496 2829 nonest
516 2774 663 2827 moratus
681 2764 825 2839 Stichus,
843 2764 902 2827 sed
923 2774 957 2828 et
978 2765 1161 2846 stragulam
1179 2766 1289 2828 albam

238 2881 271 2934 et
287 2880 492 2953 praetextam
509 2868 542 2930 in
557 2867 736 2931 triclinium
753 2868 862 2931 attulit

185 2999 213 3045 25
237 2975 398 3056 iussitque
421 2994 482 3036 nos
505 2982 678 3054 temptare,
697 2992 740 3034 an
763 2971 859 3034 bonis
882 2971 966 3035 lanis
988 2983 1101 3036 essent
1121 2975 1286 3038 coniecta.

237 3089 307 3142 tum
321 3077 495 3141 subridens
509 3076 601 3139 ‘uide
613 3076 666 3138 tu’
680 3075 787 3158 inquit
801 3075 940 3152 ‘Stiche,
954 3096 997 3139 ne
1012 3076 1076 3139 ista
1092 3097 1204 3140 mures
1219 3088 1289 3140 tan-

237 3193 319 3264 gant
332 3191 390 3246 aut
400 3182 526 3254 tineae;
547 3179 691 3262 alioquin
704 3189 737 3242 te
750 3180 863 3242 uiuum
877 3180 1076 3243 comburam.
1117 3201 1181 3262 ego
1194 3182 1289 3262 glori·

237 3308 315 3350 osus
328 3286 403 3349 uolo
416 3284 537 3360 efferri,
551 3294 587 3346 ut
600 3293 689 3347 totus
706 3283 787 3345 mihi
803 3285 947 3365 populus
963 3284 1050 3348 bene
1066 3284 1286 3366 imprecetur.’

238 3389 348 3454 statim
372 3389 553 3471 ampullam
577 3387 670 3450 nardi
695 3387 825 3468 aperuit
848 3408 1030 3470 omnesque
1053 3409 1115 3452 nos
1139 3389 1232 3452 unxit
1254 3399 1288 3452 et

184 3525 214 3571 30
238 3494 368 3577 ‘spero’
381 3493 488 3576 inquit
502 3493 667 3554 ‘futurum
687 3501 721 3554 ut
737 3511 842 3572 aeque
859 3512 912 3555 me
928 3502 1095 3555 mortuum
1111 3492 1203 3556 iuuet
1218 3503 1288 3556 tan-

237 3618 337 3680 quam
353 3597 486 3659 uiuum.’
527 3615 605 3657 nam
621 3594 736 3656 uinum
752 3595 886 3675 quidem
903 3595 936 3657 in
952 3595 1114 3658 uinarium
1132 3596 1227 3660 iussit
1242 3597 1288 3659 in-

192 3719 194 3725 ’
237 3699 334 3762 fundi
343 3704 517 3780 et‘putate
527 3695 728 3758 uos'ait‘ad
739 3697 924 3777 parentalia
936 3718 1010 3760 mea
1021 3698 1179 3762 inuitatos
1191 3701 1285 3771 esse)
