2926 4232
214 308 252 371 16
472 319 682 368 rnnounnrs
705 319 749 368 or
773 319 899 367 nonan
923 319 1049 368 sarum

298 475 371 538 Ioui
396 475 529 558 Lapri0,
556 475 629 537 Ioui
654 475 802 549 Molioni,
830 475 902 538 loui
926 475 1034 551 Casio,
1060 486 1092 538 et
1121 497 1206 559 quae
1233 487 1312 541 sunt

233 606 262 642 10
296 580 330 642 in
346 579 490 643 eundem
508 580 652 642 modum.
701 579 789 661 quod
806 578 860 668 ille
877 579 1078 642 astutissime
1098 581 1310 661 excogitauit,

296 694 332 746 ut
351 694 384 747 et
403 683 465 746 sibi
487 683 646 746 honorem
668 682 817 745 diuinum
840 693 872 745 et
896 683 1082 764 hospitibus
1105 683 1173 746 suis
1195 705 1312 766 perpe-

296 797 388 850 tuum
416 807 538 849 nomen
570 786 756 868 acquireret
786 806 862 848 cum
893 786 1053 867 religione
1084 787 1308 851 coniunctum.

295 891 486 972 gaudebant
517 910 597 970 ergo
628 889 682 965 illi,
717 899 750 952 et
781 890 857 952 hinc
889 890 1027 971 imperio
1062 891 1133 954 eius
1167 891 1311 954 libenter

295 995 573 1076 obsequebantur,
596 1003 629 1056 et
650 993 793 1056 nominis
815 993 865 1056 sui
886 995 993 1075 gratia
1016 995 1098 1057 ritus
1122 1015 1251 1058 annuos
1275 1005 1310 1058 et

231 1125 260 1177 ¹5
295 1100 383 1161 festa
412 1099 638 1161 celebrabant.¹
697 1097 803 1160 simile
834 1097 991 1179 quiddam
1022 1098 1055 1160 in
1088 1098 1199 1163 Sicilia
1228 1099 1310 1162 fecit

295 1203 441 1277 Aeneas,
466 1223 541 1265 cum
565 1201 718 1264 conditae
742 1201 816 1263 urbi
840 1201 987 1264 Acestae
1015 1202 1155 1283 hospitis
1186 1222 1307 1264 nomen

295 1307 461 1388 imposuit,
484 1315 521 1368 ut
547 1325 620 1369 earn
648 1304 860 1386 postmodum
885 1304 992 1367 laetus
1019 1325 1057 1368 ac
1085 1305 1192 1368 libens
1219 1306 1308 1368 Ace-

295 1420 362 1472 stes
379 1410 540 1490 diligeret,
559 1419 705 1490 augeret,
724 1419 863 1472 ornaret.
912 1409 973 1472 hoc
995 1409 1094 1472 modo
1112 1409 1307 1489 religionem

294 1514 402 1577 cultus
434 1513 485 1576 sui
512 1533 571 1595 per
598 1513 712 1577 orbem
743 1523 850 1575 terrae
883 1513 1035 1594 Iuppiter
1062 1512 1245 1588 seminauit,
1274 1523 1309 1576 et

228 1645 259 1680 20
294 1618 482 1698 exemplum
507 1617 626 1680 ceteris
649 1617 691 1678 ad
715 1617 910 1679 imitandum
935 1616 1034 1680 dedit.
1133 1657 1208 1711 lact.
1224 1659 1246 1710 Ι.
1262 1671 1306 1710 22·

205 1828 260 1887 4ο.
337 1809 458 1872 deinde
487 1807 647 1889 Iuppiter,
677 1817 853 1890 postquam
884 1807 1083 1890 quinquiens
1113 1817 1219 1870 terras
1249 1807 1308 1870 cir-

294 1913 404 1988 cuiuit,
423 1912 641 1994 omnibusque
658 1911 772 1974 amicis
789 1922 887 1994 atque
906 1912 1058 1993 cognatis
1080 1911 1147 1974 suis
1168 1911 1308 1994 imperia

293 2017 414 2092 diuisit,
432 2017 627 2098 reliquitque
651 2015 839 2078 hominibus
863 2017 964 2096 leges,
988 2036 1106 2091 mores,
1127 2017 1308 2079 frumenta-

293 2141 358 2204 que
375 2121 513 2202 parauit‚
532 2107 701 2201 multaque
718 2119 782 2181 alia
798 2120 886 2182 bona
902 2120 991 2195 fecit,
1009 2120 1186 2183 immortali
1201 2121 1306 2201 gloria

244 2250 257 2303 5
293 2225 519 2305 memoriaque
536 2224 679 2286 affectus
696 2223 899 2304 sempiterna
921 2223 1126 2286 monimenta
1147 2223 1214 2286 suis
1235 2224 1307 2287 reli-

293 2329 381 2410 quit:
406 2337 514 2390 aetate
531 2347 666 2408 pessum
683 2337 757 2389 acta
778 2327 811 2387 in
833 2327 933 2390 Creta
954 2327 1056 2389 uitam
1079 2327 1304 2403 commutauit,

292 2442 325 2496 et
345 2433 387 2494 ad
409 2432 489 2494 deos
513 2431 601 2505 abiit,
620 2450 761 2511 eumque
786 2429 926 2493 Curetes
950 2430 1006 2492 filii
1030 2431 1081 2493 sui
1104 2441 1306 2494 curauerunt

292 2537 598 2615 decoraueruntque
615 2555 710 2596 eum:
735 2543 767 2596 et
784 2535 974 2615 sepulcrum
990 2534 1061 2596 eius
1078 2543 1128 2597 est
1147 2534 1180 2596 in
1205 2536 1305 2599 Creta

292 2640 374 2703 etin
391 2638 515 2720 oppido
532 2638 670 2712 cnosso,
689 2647 721 2700 et
737 2638 856 2700 dicitur
872 2639 976 2701 Vesta
993 2639 1079 2701 hanc
1101 2638 1216 2700 urbem
1238 2659 1305 2701 cre-

214 2731 258 2806 '10
292 2743 418 2818 auisse;
454 2742 554 2824 inque
580 2741 732 2822 sepulcro
760 2742 831 2804 eius
858 2752 909 2804 est
935 2741 1131 2823 inscriptum
1159 2742 1305 2824 antiquis

292 2847 408 2909 litteris
428 2845 563 2910 Graecis
587 2848 664 2908 ΖΑΝ
694 2847 868 2920 ΚΡΟΝΟΥ,
887 2845 920 2907 id
936 2855 987 2909 est
1006 2845 1134 2921 Latine,
1154 2845 1306 2927 Iuppiter

292 2950 436 3015 Saturni.
1128 2991 1205 3044 Lact.
1221 2991 1243 3042 Ι.
1261 3003 1302 3042 11.
