2934 4236
196 297 255 376 158
458 305 668 356 ruxuueurs
691 307 737 356 or
760 307 886 356 uouxu
911 307 1036 357 sxrruu

244 459 501 544 quiescentibus
531 462 670 524 extimae
702 463 871 544 plumulae
901 463 1042 526 tenellae
1070 485 1109 527 ac
1136 464 1299 528 delicatae

244 565 384 628 tremule
411 566 611 628 resultantes
638 565 786 648 inquieta
812 566 997 630 lasciuiunt.
1052 577 1199 630 ceterum
1230 590 1299 632 cor-

245 691 309 753 pus
346 670 526 752 glabellum
566 679 665 751 atque
698 670 902 733 luculentum
933 681 966 734 et
997 672 1095 753 quale
1126 673 1298 754 peperisse

244 775 411 838 Venerem
438 795 505 836 non
534 773 727 854 paeniteret.
789 783 867 836 ante
895 775 1007 837 lectuli
1035 777 1137 856 pedes
1167 775 1299 839 iacebat

206 898 339 952 sarcus
377 887 410 941 et
448 879 605 960 pharetra
644 886 678 940 et
717 876 867 958 sagittae,
908 877 1021 959 magni
1060 879 1114 942 dei
1153 879 1299 961 propitia

243 982 318 1046 tela.

288 1103 341 1162 23.
367 1086 553 1168 quaedum
574 1085 753 1148 insatiabili
776 1085 886 1149 animo
909 1087 1038 1170 Psyche
1061 1088 1140 1150 satis
1162 1098 1196 1150 et
1216 1089 1298 1152 curi-

157 1269 159 1276 !
243 1211 301 1252 osa
335 1191 470 1252 rimatur
503 1200 603 1272 atque
638 1198 827 1270 pertrectat,
862 1199 896 1252 et
930 1191 1039 1252 mariti
1074 1191 1125 1252 sui
1159 1192 1298 1255 miratur

243 1314 343 1369 arma,
367 1293 532 1380 depromit
555 1314 655 1356 unam
679 1293 720 1356 de
744 1294 901 1374 pharetra
925 1294 1090 1374 sagittam,
1113 1305 1147 1358 et
1170 1307 1296 1377 puncto

127 1398 130 1406 ’
192 1425 219 1457 10
243 1397 370 1478 pollicis
390 1407 570 1460 extremam
590 1397 694 1460 aciem
717 1397 983 1478 periclitabunda
1003 1399 1175 1460 trementis
1195 1400 1295 1462 etiam

243 1521 331 1564 nunc
354 1501 482 1564 articuli
506 1501 580 1564 nisu
605 1501 741 1564 fortiore
765 1501 909 1582 pupugit
934 1502 1040 1578 altius,
1066 1512 1103 1564 ut
1128 1523 1187 1584 per
1210 1524 1296 1566 sum-

243 1623 330 1666 mam
350 1615 459 1668 cutem
481 1605 665 1668 rorauerint
687 1605 846 1687 paruulae
868 1605 1042 1687 sanguinis
1063 1607 1149 1668 rosei
1169 1617 1293 1688 guttae.

243 1709 288 1772 sic
316 1709 432 1789 ignara
461 1710 590 1793 Psyche
618 1718 739 1790 sponte
766 1709 799 1771 in
828 1709 964 1772 Amoris
991 1709 1106 1772 incidit
1136 1731 1291 1795 amorem.

241 1821 321 1875 tunc
363 1812 469 1894 magis
512 1813 684 1895 magisque
726 1813 881 1895 cupidine
921 1813 1068 1894 flagrans
1109 1814 1293 1895 Cupidinis

191 1945 216 1988 15
242 1936 347 1996 prona
370 1916 404 1978 in
428 1937 503 1978 eum
527 1917 673 1979 efflictim
696 1916 838 1991 inhians,
860 1917 982 1998 patulis
1006 1937 1044 1980 ac
1068 1918 1294 1999 petulantibus

242 2019 341 2082 sauiis
361 2021 561 2083 festinanter
580 2020 728 2101 ingestiS,
746 2020 788 2082 de
808 2021 916 2083 somni
934 2041 1091 2083 mensura
1115 2022 1292 2084 metuebat.

242 2124 300 2185 sed
331 2124 410 2186 dum
441 2124 529 2187 bono
561 2134 654 2187 tanto
690 2124 817 2206 percita
852 2124 964 2187 saucia
999 2128 1111 2188 mente
1145 2125 1292 2202 fluctuat,

242 2227 375 2290 lucerna
402 2228 465 2304 illa,
491 2228 562 2290 siue
589 2227 728 2309 perfidia
755 2228 910 2310 pessima,
935 2228 1006 2290 siue
1033 2228 1159 2290 inuidia
1185 2229 1292 2306 noxia,

241 2331 312 2394 siue
343 2332 431 2414 quod
462 2332 528 2395 tale
559 2353 680 2414 corpus
712 2331 906 2413 contingere
930 2341 963 2394 et
987 2332 1081 2415 quasi
1107 2332 1237 2396 basiare
1261 2343 1294 2396 et

189 2468 217 2497 ω
240 2435 314 2516 ipsa
345 2435 517 2517 gestiebat,
543 2436 690 2498 euomuit
713 2435 755 2498 de
783 2456 913 2498 summa
936 2436 1069 2499 luminis
1096 2437 1147 2499 sui
1172 2437 1292 2500 stillam

241 2540 401 2602 feruentia
424 2539 488 2602 olei
508 2559 610 2620 super
625 2559 776 2601 umerum
793 2539 847 2601 dei
862 2540 1043 2602 dexterum.
1093 2541 1169 2603 hem
1186 2541 1293 2603 audax

241 2653 274 2706 et
294 2643 469 2706 temeraria
493 2645 628 2706 lucerna
651 2653 684 2706 et
708 2643 829 2706 amoris
851 2643 915 2706 uile
937 2643 1165 2720 ministerium,
1183 2644 1291 2726 ipsum

240 2747 326 2827 ignis
356 2748 458 2810 totius
490 2747 660 2810 dominum
692 2748 812 2823 aduris,
842 2769 917 2810 curn
948 2757 981 2810 te
1013 2747 1137 2810 scilicet
1164 2758 1293 2811 amator

145 2889 146 2892 =
241 2851 366 2934 aliquis,
384 2861 421 2913 ut
445 2851 567 2914 diutius
591 2851 711 2933 cupitis
735 2851 834 2914 etiam
858 2862 955 2915 nocte
978 2852 1148 2933 potiretur,
1166 2852 1293 2933 primus

187 2985 215 3030 25
240 2956 421 3018 inuenerit!
477 2955 522 3018 sic
555 2956 684 3018 inustus
717 2956 829 3018 exiluit
856 2957 947 3032 deuS,
974 2955 1112 3038 uisaque
1140 2955 1292 3018 deiectae

240 3059 317 3120 fidei
332 3060 473 3122 colluuie
492 3081 627 3140 prorsus
643 3081 682 3122 ex
699 3059 802 3123 oculis
819 3069 852 3122 et
871 3060 1024 3122 manibus
1045 3059 1292 3122 infelicissimae

177 3211 179 3219 ,
240 3163 390 3244 coniugis
407 3163 527 3226 tacitus
545 3163 697 3226 auolauit.
769 3181 821 3240 24.
848 3165 1039 3248 at-Psyche,
1059 3152 1168 3226 statim
1188 3183 1292 3226 resur-

240 3267 350 3348 gentis
381 3267 452 3330 eius
484 3287 578 3331 crure
610 3267 744 3330 dextero
772 3267 925 3330 manibus
953 3266 1113 3330 ambabus
1141 3267 1289 3348 adrepto,

240 3371 388 3434 sublimis
414 3371 595 3434 euectionis
618 3371 785 3452 adpendix
808 3371 1004 3446 miseranda,
1023 3381 1064 3433 et.
1079 3391 1139 3452 per
1161 3370 1291 3433 nubilas

187 3505 217 3550 30
240 3476 358 3558 plagas
388 3475 524 3558 penduli
551 3475 727 3538 comitatus
759 3483 906 3537 extrema
937 3475 1125 3556 consequia,
1154 3474 1290 3536 tandem

240 3582 330 3643 fessa
344 3579 507 3643 delabitur
520 3580 597 3641 solo.
638 3599 699 3640 nec
712 3579 794 3640 deus
811 3589 938 3640 amator
951 3577 1042 3639 humi
1059 3578 1222 3640 iacentem
1238 3577 1291 3640 de-

241 3703 363 3759 serens,
385 3682 547 3745 inuolauit
568 3681 751 3764 proximam
775 3701 979 3762 cupressum,
1000 3681 1107 3764 deque
1131 3681 1201 3744 eius
1224 3682 1291 3743 alto
