2934 4236
205 302 265 382 136
464 309 675 360 FRAGMENTS
697 309 743 360 or
765 309 890 359 nounu
915 309 1041 359 sanna

253 467 420 533 silentium
454 467 581 530 factum
613 475 673 530 est.
720 465 901 549 stupebant
930 485 1048 529 omnes
1078 466 1228 530 nouitate
1254 467 1306 529 -rei

253 571 394 648 attoniti,
412 571 581 651 negabant
604 571 667 634 hoc
690 590 838 653 unquam
857 570 994 633 iactum.
1042 570 1181 634 Claudio
1198 571 1306 651 magis

253 675 403 758 iniquum
431 674 605 738 uidebatur
636 693 735 756 quam
767 693 901 736 nouum.
947 673 989 736 de
1020 693 1144 754 genere
1175 694 1306 756 poenae

254 779 309 842 diu
341 779 545 860 disputatum
573 787 633 854 est,
662 777 741 860 quid
768 777 860 839 illum
888 776 959 859 pati
985 787 1162 860 oporteret.
1210 788 1306 841 erant

216 917 230 962 5
254 882 311 966 qui
334 882 491 958 dicerent,
510 880 692 966 Sisyphum
709 879 790 942 ratis
806 880 862 942 diu
878 881 1019 944 laturam
1036 881 1166 957 fecisse,
1184 883 1307 944 Tanta-

255 986 322 1049 lum
340 985 394 1048 siti
410 985 592 1067 periturum
609 983 673 1046 nisi
689 984 735 1047 illi
751 993 1006 1060 succurreretur,
1024 984 1202 1066 aliquando
1224 985 1308 1048 lxio

255 1089 307 1152 nis
331 1087 442 1152 miseri
465 1099 571 1152 rotam
595 1088 893 1151 sufflaminandam.
941 1108 1009 1150 non
1033 1088 1158 1170 placuit
1182 1089 1241 1152 ulli
1266 1110 1308 1152 ex

255 1193 423 1257 ueteranis
460 1191 653 1256 missionem
691 1191 772 1268 dari,
803 1211 846 1254 ne
880 1192 934 1254 uel
969 1192 1127 1256 Claudius
1157 1213 1306 1275 unquam

256 1297 360 1360 simile
392 1306 549 1380 speraret.
597 1295 723 1379 placuit
748 1315 870 1358 nouam
899 1315 1042 1377 poenam
1069 1296 1226 1359 constitui
1253 1298 1308 1360 de-

205 1435 232 1467 ιο
255 1401 343 1476 bere,
361 1400 617 1482 excogitandum
640 1399 687 1462 illi
709 1399 855 1462 laborem
872 1399 1000 1462 irritum
1016 1408 1049 1462 et
1065 1399 1201 1462 alicuius
1218 1401 1310 1482 cupi-

256 1504 368 1568 ditatis
395 1504 540 1587 speciem
566 1503 637 1567 sine
662 1503 795 1566 effectu.
842 1512 913 1566 tum
939 1503 1073 1566 Aeacus
1098 1503 1189 1566 iubet
1214 1504 1307 1566 illum

256 1609 328 1672 alea
351 1608 465 1671 ludere
489 1618 625 1691 pertuso
648 1607 771 1670 fritillo.
818 1616 852 1670 et
874 1606 940 1668 iam
962 1616 1118 1688 coeperat
1136 1607 1309 1688 fugientes

257 1733 390 1794 semper
405 1722 549 1775 tesseras
565 1731 724 1794 quaerere
740 1720 774 1773 et
789 1710 871 1772 nihil
888 1711 1066 1793 proficere:

310 1884 361 1947 15.
387 1887 464 1930 nam
482 1866 635 1949 quotiens
651 1865 812 1928 missurus
828 1874 898 1928 erat
914 1875 1091 1928 resonante
1108 1864 1231 1941 fritillo,

206 1965 234 2049 15¹
387 1981 527 2053 utraque
544 1970 707 2033 subducto
723 1968 876 2050 fugiebat
892 1978 1018 2032 tessera
1034 1969 1147 2032 fundo.

386 2094 529 2157 cumque
545 2074 738 2137 recollectos
754 2073 892 2136 auderet
908 2072 1038 2136 mittere
1054 2073 1148 2148 talos

387 2179 502 2242 fusuro
520 2177 635 2240 similis
651 2197 785 2259 semper
799 2196 996 2258 semperque
1013 2175 1148 2258 petenti,

386 2283 550 2364 decepere
566 2282 682 2344 fidem:
706 2280 831 2361 refugit
847 2280 1035 2362 digitosque
1051 2300 1112 2362 per
1127 2280 1219 2362 ipsos

386 2387 488 2450 fallax
504 2384 643 2448 adsiduo
660 2384 816 2447 dilabitur
831 2383 904 2447 alea
919 2385 1019 2447 furto.

386 2491 433 2554 sic
449 2511 524 2554 cum
541 2489 605 2551 iam
623 2489 743 2552 summi
758 2497 942 2569 tanguntur
957 2487 1102 2550 culmina
1118 2487 1249 2564 montis,

385 2595 476 2658 irrita
493 2593 650 2678 Sisyphio
667 2593 847 2655 uoluuntur
863 2591 1011 2673 pondera
1028 2592 1120 2654 collo.

255 2754 410 2837 apparuit
433 2753 542 2817 subito
566 2753 601 2816 C.
622 2753 745 2816 Caesar
764 2760 797 2814 et
820 2760 933 2832 petere
950 2751 1041 2813 illum
1058 2751 1092 2814 in
1109 2751 1305 2816 seruitutem

255 2859 378 2940 coepit;
412 2857 565 2941 producit
594 2867 707 2932 testes,
736 2855 793 2938 qui
828 2851 955 2940 [illum]
991 2855 1145 2918 uiderant
1176 2856 1218 2918 ab
1249 2856 1305 2919 illo

254 2962 376 3042 flagris,
408 2961 532 3036 ferulis,
564 2960 713 3041 colaphis
752 2959 976 3041 uapulantem.
1024 2958 1231 3022 adiudicatur
1266 2961 1302 3025 C.

203 3094 229 3140 25
255 3066 407 3142 Caesari;
448 3067 572 3130 Caesar
602 3065 693 3126 illum
726 3064 841 3125 Aeaco
876 3063 987 3125 donat.
1049 3061 1077 3124 is
1116 3061 1305 3126 Menandro

140 3212 144 3218 -
254 3169 371 3232 liberto
388 3190 447 3232 suo
464 3168 607 3243 tradidit,
626 3177 662 3230 ut
678 3188 697 3229 a
713 3165 958 3248 cognitionibus
975 3175 1071 3230 esset.
