2926 4232
565 847 630 910 III.
662 847 832 912 VARRO

334 1029 557 1084 samem
580 1028 845 1080 HENIPPEARVM
867 1028 1059 1096 RELIQVIAE

594 1200 802 1246 ABORIGINES

520 1292 591 1368 Περὶ
604 1290 752 1368 ἀνθρώπων
764 1293 874 1364 φύσεως

200 1403 263 1456 Just
275 1419 306 1455 ae
319 1402 358 1454 lle
371 1401 451 1455 lower
462 1400 577 1452 animale
590 1401 657 1452 lale
671 1400 738 1452 lleir
751 1400 896 1452 instincllve
909 1400 994 1452 modes
1007 1399 1041 1469 os
1047 1408 1189 1466 ulterance,

149 1526 179 1570 1.
212 1502 320 1586 mfigit
335 1503 440 1580 bouiS,
458 1501 531 1566 ouls
546 1502 644 1578 balat,
662 1501 739 1584 equi
755 1500 918 1578 hinniunt,
936 1500 1060 1584 gallina

212 1607 315 1692 pipat,
341 1658 347 1670 ·
374 1657 380 1670 ·
406 1657 412 1670 ·
1046 1635 1119 1686 Non.
1136 1633 1192 1703 156.
1206 1649 1248 1702 23.

147 1749 179 1796 2.
211 1729 349 1812 grtindit
364 1727 477 1811 tepide
493 1729 580 1792 lacte
596 1725 696 1804 satt'1r,
714 1728 802 1791 mola
818 1726 990 1805 mactetus,

212 1833 333 1917 p6rcus
357 1883 363 1896 .
390 1884 395 1896 .
422 1883 428 1896 .
1045 1861 1118 1913 Non.
1136 1875 1192 1925 114.
1207 1875 1248 1925 ²4·

141 1993 183 2043 So
202 1991 242 2042 lle
259 1989 330 2042 clild
346 1988 436 2058 beqins
453 1987 511 2040 will
530 1987 676 2039 instinclive
693 1987 813 2050 oulcries,
826 1989 882 2039 and
901 1989 960 2040 llen
976 2005 1067 2056 paeses
1086 2006 1119 2041 on
1138 1990 1248 2058 llrouyl

407 2077 447 2128 lle
460 2074 601 2127 exhibition
615 2074 649 2143 os
655 2075 727 2126 oller
739 2075 847 2126 natural
861 2075 988 2138 instincte,

149 2195 180 2253 3.
256 2175 368 2257 itaque
380 2175 473 2237 breui
484 2184 635 2255 tempore
649 2194 772 2256 magna
784 2194 863 2256 pars
878 2173 912 2236 in
929 2174 1130 2238 desiderium
1147 2196 1250 2257 pupa-

212 2300 285 2342 rum
301 2289 335 2342 et
351 2279 535 2360 sigillorum
552 2276 717 2341 ueniebat.
1046 2308 1119 2358 Non.
1136 2305 1192 2374 156-
1209 2321 1248 2375 ¹9·

152 2434 226 2488 Unlil
237 2435 269 2487 le
282 2434 382 2487 arrives
395 2442 422 2486 al
434 2433 573 2498 manlood,
587 2433 659 2484 when
673 2432 795 2485 ambilion
809 2432 880 2484 rules
895 2432 955 2496 lim,
969 2434 1025 2484 and
1041 2433 1157 2487 Fortuna
1170 2435 1249 2503 plays

512 2519 570 2572 will
584 2519 637 2572 lim
651 2520 696 2571 laer
705 2520 790 2587 flclle
802 2537 887 2589 qame.

146 2641 180 2699 4.
584 2669 590 2681 .
617 2668 623 2680 .
650 2668 656 2680 .
682 2617 727 2680 lta
744 2618 893 2682 sublimis
909 2619 1061 2701 speribus

212 2722 334 2789 laetato
351 2723 462 2788 omnia
477 2721 515 2787 ec
531 2721 701 2786 uolitantis
717 2720 798 2785 fiilios
814 2723 925 2786 nitens
940 2721 1072 2788 trldito.

367 2879 423 2931 But
435 2879 519 2931 virtue
531 2879 593 2930 does
606 2886 649 2930 nol
662 2895 732 2930 come
745 2877 880 2945 naturally
893 2878 953 2930 will
966 2895 1025 2947 aye.
1047 2829 1120 2878 ΝΘΕ
1137 2839 1193 2892 171.
1207 2840 1249 2895 25.

147 2996 180 3060 5.
256 2980 315 3043 sed
339 2997 448 3060 neque
472 2978 605 3041 uetulus
629 2977 796 3040 canterius
820 2997 920 3060 quam
945 2979 1096 3041 nouellus
1124 2979 1249 3055 melior,
1312 2954 1317 2965 Ι

212 3103 275 3148 nec
291 3081 474 3147 canitudini
490 3102 601 3146 comes
618 3081 732 3144 uirtus.
1064 3111 1137 3164 Non,
1152 3109 1193 3162 32¹
1208 3124 1249 3178 23·

549 3273 674 3320 AMMON
698 3272 845 3320 ΜΕΤΡΕΙΣ

562 3366 634 3442 Περὶ
652 3366 836 3441 φιλαργυρίας

347 3474 401 3527 Tle
413 3473 504 3542 simple
518 3473 565 3542 lise
578 3473 612 3542 of
619 3474 659 3525 lle
672 3473 814 3525 barbarian
827 3473 850 3525 ie
863 3474 903 3525 lle
916 3482 988 3526 lruer
999 3473 1056 3544 life.

147 3578 180 3643 6.
257 3576 379 3640 etenim
401 3576 521 3658 quibus
539 3595 642 3662 ⁵seges
664 3575 824 3657 praebeat
844 3575 989 3652 domum,
1010 3596 1130 3652 escam,
1148 3578 1251 3659 potio-

213 3700 300 3756 nem,
318 3679 397 3763 quid
414 3679 665 3743 desideremus?
1047 3709 1120 3760 Non.
1134 3722 1194 3778 395·
1211 3709 1251 3762 16.

681 3799 713 3854 45
