2934 4236
651 306 821 356 nevnarvs
1229 310 1286 378 177

236 483 314 528 nam
330 462 461 549 pyxidis
477 463 591 528 sedem
608 463 779 527 recondito
797 464 951 548 Psychen
970 463 1104 528 innoxio
1127 465 1287 547 punctulo

236 568 379 650 sagittae
403 588 482 632 suae
506 567 654 643 suscitat,
679 577 712 630 et
736 568 852 644 ‘ecca’
877 567 993 650 inquit,
1012 573 1161 631 ‘rursum
1185 568 1288 650 perie-

235 692 298 745 ras,
323 671 460 748 misella,
485 671 584 735 simili
606 670 804 734 curiositate.
856 672 916 734 sed
939 671 1071 736 interim
1094 672 1228 754 quidem
1250 682 1297 756 tu

150 832 152 836 .
236 775 442 858 prouinciam
458 795 545 858 quae
560 775 621 838 tibi
635 775 751 838 matris
763 795 857 838 meae
870 784 1050 858 praecepto
1063 776 1221 838 mandata
1236 786 1288 840 est

196 899 416 962 sexsequere
444 879 591 942 nauiter:
623 889 735 942 cetera
761 889 894 961 egomet
921 878 1057 944 uidero!
1110 879 1160 942 his
1191 879 1287 944 dictis

235 992 364 1046 amator
387 983 469 1046 leuis
493 983 527 1046 in
550 983 671 1064 pinnas
694 1003 731 1047 se
754 981 853 1046 dedit.
903 984 1033 1068 Psyche
1055 1003 1135 1048 uero
1158 984 1287 1048 confes

235 1087 294 1150 tim
317 1087 442 1151 Veneri
465 1107 587 1150 munus
610 1096 758 1169 reportat
783 1087 1009 1169 Proserpinae.

280 1209 331 1254 22.
358 1191 486 1254 interea
516 1191 646 1272 Cupido
677 1211 790 1254 amore
821 1190 921 1254 nimio
953 1199 1091 1274 peresus'
1122 1201 1156 1254 et
1185 1211 1287 1274 aegra

235 1294 321 1358 lacie
344 1294 458 1358 matris
481 1315 561 1358 suae
584 1295 793 1376 repentinam
817 1294 1030 1358 sobrietatem
1047 1287 1286 1378 pertimescens

183 1431 212 1464 10
235 1399 278 1462 ad
291 1399 455 1462 armillum
467 1399 561 1475 redit,
576 1398 703 1482 alisque
720 1398 909 1482 pernicibus
926 1399 1009 1462 caeli
1025 1409 1200 1482 penetrato
1216 1419 1287 1462 uer-

234 1503 300 1566 tice
330 1523 453 1584 magno
485 1503 559 1566 Ioui
589 1502 755 1585 supplicat
785 1523 946 1585 suamque
984 1523 1119 1566 causam
1157 1502 1284 1584 probat.

234 1617 314 1670 tunc
350 1606 502 1689 Iuppiter
536 1607 702 1689 prehensa
736 1606 910 1688 Cupidinis
944 1606 1084 1670 buccula
1118 1627 1286 1689 manuque

235 1711 277 1773 ad
296 1731 333 1775 os
352 1731 449 1774 suurn
474 1711 577 1774 relata
600 1710 781 1786 consauiat,
801 1719 901 1793 atque
923 1710 970 1774 sic
991 1711 1034 1774 ad
1054 1710 1164 1774 illum:
1191 1710 1285 1774 ‘licet

234 1816 291 1891 tu,’
309 1815 424 1898 inquit,
444 1814 595 1877 ‘domine
618 1815 671 1888 fili,
690 1835 872 1897 numquam
897 1814 978 1876 mihi
1000 1835 1162 1878 concessu
1185 1815 1285 1878 deum

183 1951 211 1997 15
234 1919 406 1982 decretum
430 1919 573 1982 seruaris
590 1919 759 1995 honorem,
778 1919 837 1982 sed
853 1919 942 1982 istud
959 1928 1076 2001 pectus
1092 1939 1202 1982 meum
1219 1940 1285 2001 quo

234 2023 327 2104 leges
351 2023 592 2086 elementorum
619 2033 653 2086 et
679 2023 770 2086 uices
797 2023 943 2086 siderum
968 2023 1189 2105 disponuntur
1212 2043 1286 2085 con-

235 2127 419 2190 uulneraris
446 2127 588 2191 assiduis
611 2127 730 2190 ictibus
753 2127 944 2209 crebrisque
967 2135 1119 2190 terrenae
1142 2125 1286 2190 libidinis

235 2231 424 2295 loedaueris
447 2231 588 2307 casibus,
606 2241 788 2314 contraque
804 2232 896 2314 leges
913 2241 946 2294 et
962 2231 1069 2313 ipsam
1088 2230 1207 2294 Iuliam
1223 2231 1286 2294 dis·

234 2336 458 2418 ciplinamque
474 2336 641 2418 publicam
657 2336 810 2418 turpibus
826 2336 996 2400 adulteriis
1008 2335 1285 2400 existimationem

183 2474 212 2506 20
234 2442 426 2525 famamque
439 2462 548 2506 meam
561 2442 706 2520 laeseris,
720 2443 754 2506 in
768 2453 950 2526 serpentes,
964 2443 998 2507 in
1010 2443 1116 2526 ignes,
1133 2444 1166 2507 in
1184 2445 1283 2521 feras,

234 2545 268 2608 in
292 2566 373 2610 aues
396 2556 430 2610 et
452 2547 602 2629 gregalia
621 2567 728 2630 pecua
744 2568 880 2612 serenos
901 2548 1013 2612 uultus
1037 2568 1130 2612 meos
1153 2549 1285 2612 sordide

234 2651 456 2728 reformando,
474 2659 508 2714 at
522 2661 635 2714 tamen
657 2652 839 2716 modestiae
863 2672 957 2715 meae
980 2672 1107 2716 memor
1129 2652 1285 2735 quodque

234 2754 320 2818 inter
335 2754 415 2820 istas
432 2776 523 2819 meas
540 2777 658 2820 manus
675 2757 820 2822 creueris
844 2768 964 2822 cuncta
987 2757 1173 2840 perficiam:
1204 2758 1283 2820 dum

233 2867 347 2922 tamen
368 2859 452 2923 scias
473 2861 622 2923 aemulos
642 2870 718 2924 tuos
737 2882 866 2938 cauere,
884 2882 931 2938 ac,
950 2862 1045 2944 siqua
1064 2882 1152 2925 nunc
1171 2861 1204 2924 in
1223 2872 1285 2924 ter-

183 2992 210 3038 25
234 2961 278 3026 ris
301 2963 411 3044 puella
435 2965 620 3046 praepollet
644 2965 899 3048 pulchritudine,
925 2965 1110 3047 praesentis
1132 2965 1286 3029 beneficii

235 3065 341 3130 uicem
365 3087 522 3149 peream
545 3068 627 3131 mihi
649 3089 828 3152 repensare
851 3080 885 3133 te
909 3068 1050 3133 debere!

279 3189 332 3248 23.
358 3171 404 3235 sic
429 3173 519 3236 latus
543 3173 634 3236 iubet
660 3173 862 3237 Mercurium
890 3175 970 3237 deos
998 3195 1114 3237 omnes
1141 3174 1184 3237 ad
1211 3195 1285 3238 con-

234 3275 357 3339 tionem
374 3276 525 3357 protinus
541 3297 733 3354 convocare,
751 3298 790 3342 ac
807 3278 893 3361 siqui
909 3288 1006 3342 coetu
1022 3277 1213 3341 caelestium
1232 3278 1285 3341 de-

234 3380 353 3444 fuisset
375 3380 409 3442 in
433 3401 575 3462 poenam
597 3381 713 3445 decem
735 3382 860 3445 milium
884 3403 1057 3445 nummum
1082 3391 1283 3446 conuentum

181 3510 211 3555 30
234 3483 273 3546 iri
285 3485 508 3566 pronuntiare.
547 3506 613 3568 quo
629 3496 719 3550 metu
736 3485 847 3549 statim
864 3486 1030 3568 completo
1046 3486 1182 3550 caelesti
1197 3487 1285 3548 thea-

233 3597 286 3650 tro
303 3609 362 3670 pro
379 3589 458 3652 sede
475 3589 606 3652 sublimi
623 3590 744 3653 sedens
761 3611 918 3672 procerus
939 3591 1091 3672 Iuppiter
1114 3590 1160 3653 sic
1184 3610 1285 3653 enun-

233 3691 312 3754 tiat:
338 3692 409 3754 ‘dei
424 3693 603 3774 conscripti
621 3695 794 3756 Musarum
815 3694 899 3770 albo,
917 3694 1165 3757 adulescentem
1185 3693 1285 3756 istum

313 3805 388 3843 FRAG.
401 3807 455 3843 ΕΔΤ.
462 3823 494 3830 -
505 3808 534 3842 12
