2934 4236
196 298 257 364 r54
457 293 667 342 annuunurs
691 293 736 341 or
760 291 885 340 xonxu
909 291 1033 340 sxnna

245 450 377 532 magnis
390 449 540 531 pecuniis
552 448 780 530 negotiantem
792 446 857 510 iarn
870 445 1015 510 medium
1028 466 1160 510 cursum
1177 445 1298 509 aetatis

245 574 355 635 agere,
380 553 618 634 interspersum
644 570 719 614 rara
740 550 869 614 canitie.
916 549 1033 614 necin
1057 569 1210 614 sermone
1233 549 1298 613 isto

245 657 411 720 tantillum
428 665 555 718 morata
571 675 701 718 rursum
718 653 864 735 opiparis
880 653 1073 717 muneribus
1089 673 1146 717 eas
1159 663 1298 718 onustas

216 795 220 804 ·
246 771 386 824 uentoso
403 759 556 822 uehiculo
572 757 722 822 reddidit.

208 895 222 940 5
293 867 344 930 16.
371 864 430 926 sed
461 863 539 926 dum
567 861 716 946 Zephyri
742 861 920 944 tranquillo
951 861 1068 943 spiritu
1100 861 1298 924 sublimatae

246 969 382 1031 domum
408 967 557 1042 redeunt,
587 965 632 1029 sic
663 965 776 1028 secum
808 965 1026 1028 altercantes:
1062 965 1167 1048 ‘quid
1195 986 1297 1040 soror,

246 1071 387 1134 dicimus
418 1071 460 1133 de
490 1079 558 1133 tam
589 1079 800 1132 monstruoso
832 1069 946 1131 iatuae
978 1069 1064 1132 illius
1098 1069 1297 1133 mendacio?

245 1185 326 1238 tunc
360 1175 556 1237 adulescens
590 1173 689 1236 modo
723 1171 854 1236 florenti
888 1172 1047 1253 lanugine
1080 1172 1217 1236 barbam
1252 1173 1299 1235 in-

248 1289 399 1354 struens;
431 1297 520 1340 nunc
547 1286 656 1340 aetate
684 1275 802 1351 media,
828 1259 985 1340 candenti
1011 1276 1131 1340 canitie
1158 1277 1296 1339 lucidus.

196 1415 225 1446 10
248 1382 321 1464 quis
359 1382 413 1444 ille
452 1401 551 1464 quem
585 1379 745 1462 temporis
782 1379 904 1443 modici
942 1380 1085 1461 spatium
1106 1368 1300 1462 'repentina

249 1495 384 1548 senecta
417 1483 636 1548 reformauit?
699 1483 746 1546 nil
779 1483 869 1546 aliud
902 1483 1081 1565 repperies,
1117 1484 1162 1547 mi
1196 1505 1298 1561 soror,

249 1609 349 1671 quarn
376 1589 431 1651 uel
457 1586 668 1651 mendacium
695 1586 792 1649 istam
824 1586 1003 1668 pessimam
1033 1587 1193 1652 feminam
1225 1609 1300 1652 con-

249 1694 383 1773 fingere,
401 1692 455 1754 uel
475 1692 618 1754 formam
642 1690 752 1753 mariti
772 1690 823 1754 sui
843 1690 979 1754 nescire.
1026 1712 1167 1774 quorum
1188 1702 1299 1754 utrum

248 1816 364 1859 uerum
384 1805 443 1872 est,
464 1793 583 1876 opibus
601 1793 673 1858 istis
690 1814 790 1876 quam
810 1795 952 1876 primurn
973 1795 1222 1858 exterminanda
1239 1807 1298 1859 est.

198 1932 224 1978 ις
249 1899 338 1982 quod
359 1899 387 1962 si
407 1899 469 1962 uiri
494 1898 546 1961 sui
568 1897 690 1961 faciem
713 1897 854 1979 ignorat,
872 1897 935 1961 deo
957 1899 1109 1979 proiecto
1132 1899 1299 1981 denupsit,

249 2013 282 2066 et
301 2003 400 2067 deum
419 2002 515 2066 nobis
537 2001 776 2084 praegnatione
802 2001 865 2065 ista
889 2002 983 2083 gerit.
1030 2013 1119 2066 certe
1146 2003 1174 2066 si
1198 2003 1301 2066 diuini

249 2106 359 2189 puelli,
378 2107 466 2189 quod
482 2106 577 2182 absit,
596 2107 678 2170 haec
695 2115 802 2168 mater
816 2105 966 2182 audierit,
984 2105 1095 2170 statim
1112 2126 1165 2169 mc
1181 2106 1300 2188 laqueo

249 2210 348 2273 nexili
379 2210 591 2292 suspendam.
650 2229 730 2291 ergo
757 2209 888 2272 interim
916 2210 958 2272 ad
985 2219 1142 2291 parentes
1169 2220 1300 2274 nostros

249 2315 433 2391 redeamus,
457 2323 491 2377 et
518 2313 653 2376 exordio
678 2313 839 2377 sermonis
864 2312 962 2376 huius
985 2333 1084 2395 quarn
1108 2315 1301 2378 concolores

197 2449 227 2480 ω
248 2418 399 2482 fallacias
415 2417 630 2481 adtexamus’

295 2539 347 2600 17.
373 2522 420 2586 sic
440 2521 673 2597 inflammatae,
691 2521 884 2604 parentibus
900 2520 1108 2585 fastidienter
1124 2522 1300 2605 appellatis

248 2636 283 2690 et
310 2635 408 2690 nocte
435 2624 576 2688 turbatis
603 2625 733 2706 uigiliis,
759 2625 909 2706 perditae
936 2625 1098 2689 matutino
1126 2627 1300 2708 scopulum

248 2732 434 2812 peruolant,
452 2739 485 2793 et
506 2729 584 2792 inde
606 2729 693 2792 soliti
717 2729 807 2792 uenti
830 2728 995 2810 praesidio
1019 2731 1180 2793 uehentes
1203 2731 1301 2794 deuo-

249 2835 328 2909 lant,
346 2833 555 2916 lacrimisque
572 2853 729 2915 prcssura
748 2833 982 2915 palpebrarum
1004 2833 1127 2896 coactis
1145 2834 1207 2897 hoc
1227 2845 1301 2898 astu

196 2967 226 3012 25
251 2939 395 3019 puellam
419 2937 610 3019 appellant:
640 2942 694 2999 ‘tu
715 2937 848 3018 quidem
869 2936 957 3012 felix,
974 2946 1008 2999 et
1026 2936 1099 3019 ipsa
1117 2937 1203 3000 tanti
1223 2938 1302 3000 mali

250 3040 438 3122 ignorantia
450 3041 557 3116 beata,
572 3040 669 3103 sedes
682 3040 848 3103 incuriosa
863 3039 1002 3122 periculi
1014 3040 1080 3103 tui:
1104 3060 1165 3103 nos
1178 3050 1299 3116 autem,

250 3165 335 3227 quae
355 3144 509 3227 peruigili
528 3164 607 3207 cura
627 3144 727 3207 rebus
747 3145 813 3207 tuis
836 3144 1046 3220 excubamus,
1063 3143 1213 3207 cladibus
1236 3145 1302 3208 tuis

250 3249 369 3311 misere
393 3248 585 3311 cruciamur.
634 3269 693 3329 pro
717 3268 796 3311 uero
819 3267 964 3331 namque
987 3247 1217 3331 comperimus,
1240 3268 1301 3312 nec

250 3362 292 3428 te,
311 3352 419 3416 sociae
439 3351 564 3415 scilicet
582 3351 705 3414 doloris
724 3373 888 3435 casusque
909 3353 966 3429 tui,
984 3351 1091 3418 celare
1112 3376 1299 3438 possumus,

197 3485 227 3533 30
250 3457 430 3520 immanem
449 3455 621 3519 colubrum
641 3455 834 3518 multinodis
856 3457 1079 3521 uoluminibus
1100 3469 1300 3542 serpentem,

251 3580 382 3623 ueneno
399 3559 496 3622 noxio
521 3560 605 3623 colla
629 3559 894 3640 sanguinantem,
916 3561 1130 3645 hiantemque
1153 3563 1303 3646 ingluuie

249 3664 427 3749 profunda,
452 3673 562 3726 tecum
595 3662 747 3728 noctibus
775 3663 918 3731 latenter
944 3665 1166 3748 adquiescere.
1214 3687 1304 3732 nunc
