<?xml version="1.0" encoding="UTF-8"?>
<!DOCTYPE html PUBLIC "-//W3C//DTD XHTML 1.0 Transitional//EN"
    "http://www.w3.org/TR/xhtml1/DTD/xhtml1-transitional.dtd">
<html xmlns="http://www.w3.org/1999/xhtml" xml:lang="en" lang="en">
 <head>
  <title>
</title>
<meta http-equiv="Content-Type" content="text/html;charset=utf-8" />
  <meta name='ocr-system' content='tesseract 3.04.00' />
  <meta name='ocr-capabilities' content='ocr_page ocr_carea ocr_par ocr_line ocrx_word'/>
</head>
<body>
  <div class='ocr_page' id='page_1' title='image "./fragmentsromans01unkngoog_0037.png"; bbox 0 0 2926 4232; ppageno 0'>
   <div class='ocr_carea' id='block_1_1' title="bbox 215 267 1053 337">
    <p class='ocr_par' dir='ltr' id='par_1_1' title="bbox 215 267 1053 337">
     <span class='ocr_line' id='line_1_1' title="bbox 215 267 1053 337; baseline -0.005 -17"><span class='ocrx_word' id='word_1_1' title='bbox 215 271 257 337; x_wconf 80' lang='lat'>30</span> <span class='ocrx_word' id='word_1_2' title='bbox 476 267 687 316; x_wconf 80' lang='lat' dir='ltr'>FRAGMENTS</span> <span class='ocrx_word' id='word_1_3' title='bbox 710 267 755 316; x_wconf 86' lang='lat' dir='ltr'>OF</span> <span class='ocrx_word' id='word_1_4' title='bbox 778 268 904 317; x_wconf 88' lang='lat' dir='ltr'>ROMAN</span> <span class='ocrx_word' id='word_1_5' title='bbox 928 268 1053 316; x_wconf 84' lang='lat' dir='ltr'>SATIRE</span> 
     </span>
    </p>
   </div>
   <div class='ocr_carea' id='block_1_2' title="bbox 266 419 1266 576">
    <p class='ocr_par' dir='ltr' id='par_1_2' title="bbox 266 419 1266 576">
     <span class='ocr_line' id='line_1_2' title="bbox 266 419 1266 491; baseline 0.003 -19"><span class='ocrx_word' id='word_1_6' title='bbox 266 419 323 474; x_wconf 80' lang='lat' dir='ltr'>You</span> <span class='ocrx_word' id='word_1_7' title='bbox 335 436 395 489; x_wconf 80' lang='lat' dir='ltr'>may</span> <span class='ocrx_word' id='word_1_8' title='bbox 407 421 442 474; x_wconf 88' lang='lat' dir='ltr'>do</span> <span class='ocrx_word' id='word_1_9' title='bbox 455 437 485 473; x_wconf 78' lang='grc'>00</span> <span class='ocrx_word' id='word_1_10' title='bbox 496 437 548 489; x_wconf 77' lang='lat' dir='ltr'>you</span> <span class='ocrx_word' id='word_1_11' title='bbox 559 421 651 490; x_wconf 83' lang='lat' dir='ltr'>pleose</span> <span class='ocrx_word' id='word_1_12' title='bbox 663 421 739 474; x_wconf 82' lang='lat' dir='ltr'>about</span> <span class='ocrx_word' id='word_1_13' title='bbox 752 421 793 473; x_wconf 81' lang='lat' dir='ltr'>lle</span> <span class='ocrx_word' id='word_1_14' title='bbox 806 421 977 474; x_wconf 82' lang='lat' dir='ltr'>assimilation</span> <span class='ocrx_word' id='word_1_15' title='bbox 991 421 1025 490; x_wconf 86' lang='lat' dir='ltr'>of</span> <span class='ocrx_word' id='word_1_16' title='bbox 1036 422 1223 491; x_wconf 80' lang='lat' dir='ltr'>‘prepositions</span> <span class='ocrx_word' id='word_1_17' title='bbox 1235 421 1266 475; x_wconf 82' lang='lat' dir='ltr'>in</span> 
     </span>
     <span class='ocr_line' id='line_1_3' title="bbox 673 507 859 576; baseline 0 -16"><span class='ocrx_word' id='word_1_18' title='bbox 673 507 859 576; x_wconf 76' lang='lat' dir='ltr'>composition,’</span> 
     </span>
    </p>
   </div>
   <div class='ocr_carea' id='block_1_3' title="bbox 217 619 1164 700">
    <p class='ocr_par' dir='ltr' id='par_1_3' title="bbox 217 619 1164 700">
     <span class='ocr_line' id='line_1_4' title="bbox 217 619 1164 700; baseline 0 -18"><span class='ocrx_word' id='word_1_19' title='bbox 217 638 290 684; x_wconf 89' lang='lat'>100.</span> <span class='ocrx_word' id='word_1_20' title='bbox 600 666 606 680; x_wconf 93' lang='lat'>.</span> <span class='ocrx_word' id='word_1_21' title='bbox 632 667 638 680; x_wconf 92' lang='lat'>.</span> <span class='ocrx_word' id='word_1_22' title='bbox 665 667 671 680; x_wconf 91' lang='lat'>.</span> <span class='ocrx_word' id='word_1_23' title='bbox 697 627 796 700; x_wconf 89' lang='lat' dir='ltr'>atque</span> <span class='ocrx_word' id='word_1_24' title='bbox 813 619 1020 681; x_wconf 86' lang='lat' dir='ltr'>‘accurrere&#39;</span> <span class='ocrx_word' id='word_1_25' title='bbox 1039 619 1164 683; x_wconf 87' lang='lat' dir='ltr'>scribas</span> 
     </span>
    </p>
   </div>
   <div class='ocr_carea' id='block_1_4' title="bbox 298 722 1324 989">
    <p class='ocr_par' dir='ltr' id='par_1_4' title="bbox 298 722 1324 989">
     <span class='ocr_line' id='line_1_5' title="bbox 322 722 1171 804; baseline 0 -18"><span class='ocrx_word' id='word_1_26' title='bbox 322 723 389 786; x_wconf 91' lang='lat' dir='ltr'>dne</span> <span class='ocrx_word' id='word_1_27' title='bbox 405 743 448 784; x_wconf 91' lang='lat' dir='ltr'>an</span> <span class='ocrx_word' id='word_1_28' title='bbox 464 742 491 798; x_wconf 90' lang='lat' dir='ltr'>c,</span> <span class='ocrx_word' id='word_1_29' title='bbox 509 741 576 785; x_wconf 93' lang='lat' dir='ltr'>non</span> <span class='ocrx_word' id='word_1_30' title='bbox 593 731 644 785; x_wconf 93' lang='lat' dir='ltr'>est</span> <span class='ocrx_word' id='word_1_31' title='bbox 660 722 750 804; x_wconf 91' lang='lat' dir='ltr'>quod</span> <span class='ocrx_word' id='word_1_32' title='bbox 766 741 906 804; x_wconf 88' lang='lat' dir='ltr'>quaeras</span> <span class='ocrx_word' id='word_1_33' title='bbox 923 722 1014 785; x_wconf 89' lang='lat' dir='ltr'>seiue</span> <span class='ocrx_word' id='word_1_34' title='bbox 1031 723 1171 786; x_wconf 90' lang='lat' dir='ltr'>laboras.</span> 
     </span>
     <span class='ocr_line' id='line_1_6' title="bbox 1062 823 1324 895; baseline -0.008 -18"><span class='ocrx_word' id='word_1_35' title='bbox 1062 823 1123 877; x_wconf 92' lang='lat' dir='ltr'>Vel.</span> <span class='ocrx_word' id='word_1_36' title='bbox 1137 824 1225 895; x_wconf 88' lang='lat' dir='ltr'>Long.</span> <span class='ocrx_word' id='word_1_37' title='bbox 1238 839 1324 890; x_wconf 87' lang='lat'><strong>2224.</strong></span> 
     </span>
     <span class='ocr_line' id='line_1_7' title="bbox 298 919 1235 989; baseline 0 -17"><span class='ocrx_word' id='word_1_38' title='bbox 298 921 400 989; x_wconf 78' lang='lat' dir='ltr'><em>Except</em></span> <span class='ocrx_word' id='word_1_39' title='bbox 414 921 441 971; x_wconf 82' lang='lat' dir='ltr'>in</span> <span class='ocrx_word' id='word_1_40' title='bbox 454 936 527 972; x_wconf 76' lang='lat' dir='ltr'>cures</span> <span class='ocrx_word' id='word_1_41' title='bbox 540 920 623 972; x_wconf 83' lang='lat' dir='ltr'>where</span> <span class='ocrx_word' id='word_1_42' title='bbox 636 919 780 988; x_wconf 73' lang='lat' dir='ltr'>ombiyuity</span> <span class='ocrx_word' id='word_1_43' title='bbox 792 919 871 988; x_wconf 76' lang='lat' dir='ltr'>miyhl</span> <span class='ocrx_word' id='word_1_44' title='bbox 884 919 953 971; x_wconf 76' lang='lat' dir='ltr'>urire</span> <span class='ocrx_word' id='word_1_45' title='bbox 964 919 1039 989; x_wconf 85' lang='lat' dir='ltr'>from</span> <span class='ocrx_word' id='word_1_46' title='bbox 1053 920 1235 974; x_wconf 74' lang='lat' dir='ltr'>assimilation.</span> 
     </span>
    </p>
   </div>
   <div class='ocr_carea' id='block_1_5' title="bbox 216 1029 1323 1300">
    <p class='ocr_par' dir='ltr' id='par_1_5' title="bbox 216 1029 1323 1300">
     <span class='ocr_line' id='line_1_8' title="bbox 216 1029 1098 1096; baseline 0 -2"><span class='ocrx_word' id='word_1_47' title='bbox 216 1051 290 1096; x_wconf 88' lang='lat'>101.</span> <span class='ocrx_word' id='word_1_48' title='bbox 324 1079 331 1093; x_wconf 91' lang='lat'><strong>.</strong></span> <span class='ocrx_word' id='word_1_49' title='bbox 356 1029 523 1093; x_wconf 90' lang='lat' dir='ltr'>abbitere:</span> <span class='ocrx_word' id='word_1_50' title='bbox 547 1029 688 1092; x_wconf 92' lang='lat' dir='ltr'>multum</span> <span class='ocrx_word' id='word_1_51' title='bbox 705 1029 758 1092; x_wconf 93' lang='lat' dir='ltr'>hic</span> <span class='ocrx_word' id='word_1_52' title='bbox 774 1030 877 1092; x_wconf 83' lang='lat' dir='ltr'>refert</span> <span class='ocrx_word' id='word_1_53' title='bbox 893 1030 914 1092; x_wconf 95' lang='lat' dir='ltr'>d</span> <span class='ocrx_word' id='word_1_54' title='bbox 931 1030 994 1093; x_wconf 91' lang='lat' dir='ltr'>siet</span> <span class='ocrx_word' id='word_1_55' title='bbox 1009 1051 1052 1094; x_wconf 91' lang='lat' dir='ltr'>an</span> <span class='ocrx_word' id='word_1_56' title='bbox 1068 1031 1098 1094; x_wconf 93' lang='lat' dir='ltr'>b.</span> 
     </span>
     <span class='ocr_line' id='line_1_9' title="bbox 1061 1132 1323 1204; baseline 0 -19"><span class='ocrx_word' id='word_1_57' title='bbox 1061 1132 1123 1186; x_wconf 90' lang='lat' dir='ltr'>Vel.</span> <span class='ocrx_word' id='word_1_58' title='bbox 1138 1133 1225 1204; x_wconf 75' lang='lat' dir='ltr'>long.</span> <span class='ocrx_word' id='word_1_59' title='bbox 1239 1147 1323 1198; x_wconf 75' lang='lat'><em>2224</em></span> 
     </span>
     <span class='ocr_line' id='line_1_10' title="bbox 605 1229 928 1300; baseline 0.006 -20"><span class='ocrx_word' id='word_1_60' title='bbox 605 1229 659 1282; x_wconf 80' lang='lat' dir='ltr'>The</span> <span class='ocrx_word' id='word_1_61' title='bbox 671 1230 791 1299; x_wconf 71' lang='lat' dir='ltr'>qutturol</span> <span class='ocrx_word' id='word_1_62' title='bbox 803 1230 852 1283; x_wconf 84' lang='lat' dir='ltr'>roll</span> <span class='ocrx_word' id='word_1_63' title='bbox 865 1231 900 1300; x_wconf 90' lang='lat' dir='ltr'>os</span> <span class='ocrx_word' id='word_1_64' title='bbox 906 1247 928 1282; x_wconf 89' lang='lat' dir='ltr'>r.</span> 
     </span>
    </p>
   </div>
   <div class='ocr_carea' id='block_1_6' title="bbox 217 1338 1324 1526">
    <p class='ocr_par' dir='ltr' id='par_1_6' title="bbox 217 1338 1324 1526">
     <span class='ocr_line' id='line_1_11' title="bbox 217 1338 1324 1426; baseline 0 -20"><span class='ocrx_word' id='word_1_65' title='bbox 217 1361 291 1408; x_wconf 87' lang='lat'>102.</span> <span class='ocrx_word' id='word_1_66' title='bbox 324 1363 349 1405; x_wconf 85' lang='lat' dir='ltr'>r.</span> <span class='ocrx_word' id='word_1_67' title='bbox 382 1340 579 1404; x_wconf 92' lang='lat' dir='ltr'>nonnullum</span> <span class='ocrx_word' id='word_1_68' title='bbox 592 1338 692 1402; x_wconf 90' lang='lat' dir='ltr'>habet</span> <span class='ocrx_word' id='word_1_69' title='bbox 706 1341 769 1403; x_wconf 91' lang='lat' dir='ltr'>hoc</span> <span class='ocrx_word' id='word_1_70' title='bbox 783 1341 1043 1426; x_wconf 87' lang='lat' dir='ltr'>cacosyntheton</span> <span class='ocrx_word' id='word_1_71' title='bbox 1056 1364 1063 1419; x_wconf 92' lang='lat'>;</span> <span class='ocrx_word' id='word_1_72' title='bbox 1081 1352 1184 1424; x_wconf 88' lang='lat' dir='ltr'>utque</span> <span class='ocrx_word' id='word_1_73' title='bbox 1196 1342 1324 1406; x_wconf 91' lang='lat' dir='ltr'>canina</span> 
     </span>
     <span class='ocr_line' id='line_1_12' title="bbox 324 1443 1234 1526; baseline 0.002 -18"><span class='ocrx_word' id='word_1_74' title='bbox 324 1445 371 1508; x_wconf 92' lang='lat' dir='ltr'>sic</span> <span class='ocrx_word' id='word_1_75' title='bbox 387 1445 500 1526; x_wconf 86' lang='lat' dir='ltr'>lingua</span> <span class='ocrx_word' id='word_1_76' title='bbox 516 1444 590 1507; x_wconf 94' lang='lat' dir='ltr'>dico</span> <span class='ocrx_word' id='word_1_77' title='bbox 608 1443 708 1505; x_wconf 87' lang='lat' dir='ltr'>‘nihil</span> <span class='ocrx_word' id='word_1_78' title='bbox 724 1463 761 1505; x_wconf 89' lang='lat' dir='ltr'>ar</span> <span class='ocrx_word' id='word_1_79' title='bbox 778 1445 850 1507; x_wconf 90' lang='lat' dir='ltr'>me.’</span> <span class='ocrx_word' id='word_1_80' title='bbox 898 1465 1019 1508; x_wconf 93' lang='lat' dir='ltr'>nomen</span> <span class='ocrx_word' id='word_1_81' title='bbox 1037 1446 1079 1508; x_wconf 91' lang='lat' dir='ltr'>ab</span> <span class='ocrx_word' id='word_1_82' title='bbox 1096 1447 1159 1510; x_wconf 92' lang='lat' dir='ltr'>hoc</span> <span class='ocrx_word' id='word_1_83' title='bbox 1176 1456 1234 1510; x_wconf 90' lang='lat' dir='ltr'>est·</span> 
     </span>
    </p>
   </div>
   <div class='ocr_carea' id='block_1_7' title="bbox 324 1549 1322 1732">
    <p class='ocr_par' dir='ltr' id='par_1_7' title="bbox 324 1549 1322 1732">
     <span class='ocr_line' id='line_1_13' title="bbox 324 1549 1322 1650; baseline -0.001 -21"><span class='ocrx_word' id='word_1_84' title='bbox 324 1549 378 1612; x_wconf 73' lang='lat' dir='ltr'>iffi·</span> <span class='ocrx_word' id='word_1_85' title='bbox 593 1641 599 1650; x_wconf 25' lang='grc' dir='ltr'>ι</span> <span class='ocrx_word' id='word_1_86' title='bbox 1065 1577 1124 1630; x_wconf 92' lang='lat' dir='ltr'>Vel.</span> <span class='ocrx_word' id='word_1_87' title='bbox 1139 1577 1225 1648; x_wconf 89' lang='lat' dir='ltr'>Long.</span> <span class='ocrx_word' id='word_1_88' title='bbox 1239 1591 1322 1646; x_wconf 88' lang='lat'>2213.</span> 
     </span>
     <span class='ocr_line' id='line_1_14' title="bbox 453 1662 1079 1732; baseline 0 -18"><span class='ocrx_word' id='word_1_89' title='bbox 453 1663 508 1714; x_wconf 80' lang='lat' dir='ltr'>The</span> <span class='ocrx_word' id='word_1_90' title='bbox 521 1662 663 1731; x_wconf 82' lang='lat' dir='ltr'>difference</span> <span class='ocrx_word' id='word_1_91' title='bbox 677 1663 787 1714; x_wconf 76' lang='lat' dir='ltr'><em>between</em></span> <span class='ocrx_word' id='word_1_92' title='bbox 800 1679 899 1731; x_wconf 91' lang='lat' dir='ltr'>poema</span> <span class='ocrx_word' id='word_1_93' title='bbox 910 1663 966 1714; x_wconf 80' lang='lat' dir='ltr'>and</span> <span class='ocrx_word' id='word_1_94' title='bbox 978 1663 1079 1732; x_wconf 90' lang='lat' dir='ltr'>poesis.</span> 
     </span>
    </p>
   </div>
   <div class='ocr_carea' id='block_1_8' title="bbox 217 1772 1289 2688">
    <p class='ocr_par' dir='ltr' id='par_1_8' title="bbox 217 1772 1289 2166">
     <span class='ocr_line' id='line_1_15' title="bbox 217 1772 1250 1855; baseline 0 -18"><span class='ocrx_word' id='word_1_95' title='bbox 217 1792 291 1850; x_wconf 82' lang='lat'><strong>103.</strong></span> <span class='ocrx_word' id='word_1_96' title='bbox 324 1793 413 1837; x_wconf 94' lang='lat' dir='ltr'>nunc</span> <span class='ocrx_word' id='word_1_97' title='bbox 430 1773 512 1835; x_wconf 91' lang='lat' dir='ltr'>haec</span> <span class='ocrx_word' id='word_1_98' title='bbox 529 1772 607 1855; x_wconf 94' lang='lat' dir='ltr'>quid</span> <span class='ocrx_word' id='word_1_99' title='bbox 624 1773 758 1835; x_wconf 87' lang='lat' dir='ltr'>ualeant</span> <span class='ocrx_word' id='word_1_100' title='bbox 774 1773 896 1855; x_wconf 91' lang='lat' dir='ltr'>quidue</span> <span class='ocrx_word' id='word_1_101' title='bbox 913 1773 989 1836; x_wconf 92' lang='lat' dir='ltr'>huic</span> <span class='ocrx_word' id='word_1_102' title='bbox 1006 1773 1155 1837; x_wconf 87' lang='lat' dir='ltr'>intersiet</span> <span class='ocrx_word' id='word_1_103' title='bbox 1170 1774 1250 1837; x_wconf 93' lang='lat' dir='ltr'>illud</span> 
     </span>
     <span class='ocr_line' id='line_1_16' title="bbox 323 1876 1202 1959; baseline 0 -19"><span class='ocrx_word' id='word_1_104' title='bbox 323 1897 515 1958; x_wconf 87' lang='lat' dir='ltr'>cognosces.</span> <span class='ocrx_word' id='word_1_105' title='bbox 563 1876 705 1957; x_wconf 94' lang='lat' dir='ltr'>primum</span> <span class='ocrx_word' id='word_1_106' title='bbox 722 1876 811 1959; x_wconf 93' lang='lat' dir='ltr'>quod</span> <span class='ocrx_word' id='word_1_107' title='bbox 828 1876 968 1939; x_wconf 90' lang='lat' dir='ltr'>dicimus</span> <span class='ocrx_word' id='word_1_108' title='bbox 984 1897 1058 1940; x_wconf 91' lang='lat' dir='ltr'>esse</span> <span class='ocrx_word' id='word_1_109' title='bbox 1074 1898 1202 1959; x_wconf 89' lang='lat' dir='ltr'>poema,</span> 
     </span>
     <span class='ocr_line' id='line_1_17' title="bbox 324 1979 1224 2064; baseline 0.001 -21"><span class='ocrx_word' id='word_1_110' title='bbox 324 2001 402 2063; x_wconf 92' lang='lat' dir='ltr'>pars</span> <span class='ocrx_word' id='word_1_111' title='bbox 417 1990 468 2043; x_wconf 90' lang='lat' dir='ltr'>est</span> <span class='ocrx_word' id='word_1_112' title='bbox 485 2000 589 2062; x_wconf 87' lang='lat' dir='ltr'>parua</span> <span class='ocrx_word' id='word_1_113' title='bbox 606 1999 734 2061; x_wconf 92' lang='lat' dir='ltr'>poema.</span> <span class='ocrx_word' id='word_1_114' title='bbox 782 1979 918 2064; x_wconf 89' lang='lat' dir='ltr'>idyllion</span> <span class='ocrx_word' id='word_1_115' title='bbox 936 2000 1013 2043; x_wconf 90' lang='lat' dir='ltr'>ecce</span> <span class='ocrx_word' id='word_1_116' title='bbox 1031 2001 1150 2062; x_wconf 91' lang='lat' dir='ltr'>poema</span> <span class='ocrx_word' id='word_1_117' title='bbox 1166 1991 1224 2044; x_wconf 86' lang='lat' dir='ltr'>aut</span> 
     </span>
     <span class='ocr_line' id='line_1_18' title="bbox 324 2083 1289 2166; baseline 0.001 -19"><span class='ocrx_word' id='word_1_118' title='bbox 324 2084 474 2159; x_wconf 89' lang='lat' dir='ltr'>disticha,</span> <span class='ocrx_word' id='word_1_119' title='bbox 492 2083 635 2164; x_wconf 90' lang='lat' dir='ltr'>epistula</span> <span class='ocrx_word' id='word_1_120' title='bbox 652 2083 730 2146; x_wconf 92' lang='lat' dir='ltr'>item</span> <span class='ocrx_word' id='word_1_121' title='bbox 746 2083 884 2165; x_wconf 91' lang='lat' dir='ltr'>quaeuis</span> <span class='ocrx_word' id='word_1_122' title='bbox 901 2104 968 2146; x_wconf 94' lang='lat' dir='ltr'>non</span> <span class='ocrx_word' id='word_1_123' title='bbox 985 2104 1117 2165; x_wconf 86' lang='lat' dir='ltr'>magna,</span> <span class='ocrx_word' id='word_1_124' title='bbox 1135 2095 1289 2166; x_wconf 88' lang='lat' dir='ltr'>poemast</span> 
     </span>
    </p>

    <p class='ocr_par' dir='ltr' id='par_1_9' title="bbox 275 2187 1273 2584">
     <span class='ocr_line' id='line_1_19' title="bbox 275 2187 1115 2270; baseline 0 -19"><span class='ocrx_word' id='word_1_125' title='bbox 275 2215 288 2268; x_wconf 85' lang='lat'>5</span> <span class='ocrx_word' id='word_1_126' title='bbox 323 2188 397 2251; x_wconf 88' lang='lat' dir='ltr'>illa:</span> <span class='ocrx_word' id='word_1_127' title='bbox 422 2187 532 2270; x_wconf 90' lang='lat' dir='ltr'>poesis</span> <span class='ocrx_word' id='word_1_128' title='bbox 548 2208 632 2268; x_wconf 93' lang='lat' dir='ltr'>opus</span> <span class='ocrx_word' id='word_1_129' title='bbox 649 2197 765 2262; x_wconf 89' lang='lat' dir='ltr'>totum,</span> <span class='ocrx_word' id='word_1_130' title='bbox 782 2197 819 2249; x_wconf 90' lang='lat' dir='ltr'>ut</span> <span class='ocrx_word' id='word_1_131' title='bbox 834 2197 904 2250; x_wconf 88' lang='lat' dir='ltr'>tota</span> <span class='ocrx_word' id='word_1_132' title='bbox 922 2187 1000 2250; x_wconf 90' lang='lat' dir='ltr'>Ilias</span> <span class='ocrx_word' id='word_1_133' title='bbox 1016 2198 1115 2251; x_wconf 87' lang='lat' dir='ltr'>unast</span> 
     </span>
     <span class='ocr_line' id='line_1_20' title="bbox 322 2287 1273 2374; baseline 0.002 -20"><span class='ocrx_word' id='word_1_134' title='bbox 322 2287 471 2356; x_wconf 66' lang='lat' dir='ltr'>crivecuer</span> <span class='ocrx_word' id='word_1_135' title='bbox 487 2292 691 2374; x_wconf 90' lang='lat' dir='ltr'>annalesque</span> <span class='ocrx_word' id='word_1_136' title='bbox 710 2291 817 2366; x_wconf 88' lang='lat' dir='ltr'>Enni;</span> <span class='ocrx_word' id='word_1_137' title='bbox 840 2291 949 2373; x_wconf 91' lang='lat' dir='ltr'>adque</span> <span class='ocrx_word' id='word_1_138' title='bbox 966 2312 984 2354; x_wconf 92' lang='lat' dir='ltr'>e</span> <span class='ocrx_word' id='word_1_139' title='bbox 1001 2302 1071 2355; x_wconf 90' lang='lat' dir='ltr'>stoc</span> <span class='ocrx_word' id='word_1_140' title='bbox 1087 2292 1170 2356; x_wconf 91' lang='lat' dir='ltr'>liber</span> <span class='ocrx_word' id='word_1_141' title='bbox 1185 2313 1273 2356; x_wconf 93' lang='lat' dir='ltr'>unus</span> 
     </span>
     <span class='ocr_line' id='line_1_21' title="bbox 322 2395 1159 2477; baseline 0 -17"><span class='ocrx_word' id='word_1_142' title='bbox 322 2407 376 2460; x_wconf 90' lang='lat' dir='ltr'>est</span> <span class='ocrx_word' id='word_1_143' title='bbox 391 2396 496 2458; x_wconf 89' lang='lat' dir='ltr'>maius</span> <span class='ocrx_word' id='word_1_144' title='bbox 512 2395 616 2458; x_wconf 93' lang='lat' dir='ltr'>multo</span> <span class='ocrx_word' id='word_1_145' title='bbox 633 2415 733 2477; x_wconf 92' lang='lat' dir='ltr'>quam</span> <span class='ocrx_word' id='word_1_146' title='bbox 749 2395 839 2477; x_wconf 94' lang='lat' dir='ltr'>quod</span> <span class='ocrx_word' id='word_1_147' title='bbox 855 2395 921 2456; x_wconf 88' lang='lat' dir='ltr'>dixi</span> <span class='ocrx_word' id='word_1_148' title='bbox 937 2405 1014 2458; x_wconf 89' lang='lat' dir='ltr'>ante</span> <span class='ocrx_word' id='word_1_149' title='bbox 1031 2416 1159 2477; x_wconf 90' lang='lat' dir='ltr'>poema.</span> 
     </span>
     <span class='ocr_line' id='line_1_22' title="bbox 324 2498 1148 2584; baseline 0 -21"><span class='ocrx_word' id='word_1_150' title='bbox 324 2509 528 2584; x_wconf 87' lang='lat' dir='ltr'>quapropter</span> <span class='ocrx_word' id='word_1_151' title='bbox 543 2498 626 2573; x_wconf 89' lang='lat' dir='ltr'>dico,</span> <span class='ocrx_word' id='word_1_152' title='bbox 645 2519 742 2560; x_wconf 92' lang='lat' dir='ltr'>nemo</span> <span class='ocrx_word' id='word_1_153' title='bbox 758 2498 815 2581; x_wconf 92' lang='lat' dir='ltr'>qui</span> <span class='ocrx_word' id='word_1_154' title='bbox 832 2499 945 2580; x_wconf 89' lang='lat' dir='ltr'>culpat</span> <span class='ocrx_word' id='word_1_155' title='bbox 963 2500 1148 2563; x_wconf 92' lang='lat' dir='ltr'>Homerum</span> 
     </span>
    </p>

    <p class='ocr_par' dir='ltr' id='par_1_10' title="bbox 269 2603 1212 2688">
     <span class='ocr_line' id='line_1_23' title="bbox 269 2603 1212 2688; baseline -0.001 -19"><span class='ocrx_word' id='word_1_156' title='bbox 269 2673 271 2678; x_wconf 62' lang='grc'><strong>,</strong></span> <span class='ocrx_word' id='word_1_157' title='bbox 291 2672 293 2676; x_wconf 71' lang='grc'><em>,</em></span> <span class='ocrx_word' id='word_1_158' title='bbox 324 2614 521 2688; x_wconf 88' lang='lat' dir='ltr'>perpetuom</span> <span class='ocrx_word' id='word_1_159' title='bbox 538 2605 660 2686; x_wconf 88' lang='lat' dir='ltr'>culpat,</span> <span class='ocrx_word' id='word_1_160' title='bbox 678 2623 786 2686; x_wconf 93' lang='lat' dir='ltr'>neque</span> <span class='ocrx_word' id='word_1_161' title='bbox 804 2603 893 2686; x_wconf 93' lang='lat' dir='ltr'>quod</span> <span class='ocrx_word' id='word_1_162' title='bbox 910 2603 977 2666; x_wconf 89' lang='lat' dir='ltr'>dixi</span> <span class='ocrx_word' id='word_1_163' title='bbox 992 2613 1069 2666; x_wconf 91' lang='lat' dir='ltr'>ante</span> <span class='ocrx_word' id='word_1_164' title='bbox 1086 2605 1212 2686; x_wconf 87' lang='lat' dir='ltr'>poesin,</span> 
     </span>
    </p>
   </div>
   <div class='ocr_carea' id='block_1_9' title="bbox 260 2707 1317 2877">
    <p class='ocr_par' dir='ltr' id='par_1_11' title="bbox 260 2707 1317 2877">
     <span class='ocr_line' id='line_1_24' title="bbox 260 2707 1264 2791; baseline -0.001 -18"><span class='ocrx_word' id='word_1_165' title='bbox 260 2737 290 2773; x_wconf 84' lang='grc' dir='ltr'>ιο</span> <span class='ocrx_word' id='word_1_166' title='bbox 324 2729 441 2773; x_wconf 91' lang='lat' dir='ltr'>uerum</span> <span class='ocrx_word' id='word_1_167' title='bbox 457 2728 559 2771; x_wconf 94' lang='lat' dir='ltr'>unum</span> <span class='ocrx_word' id='word_1_168' title='bbox 576 2709 689 2790; x_wconf 88' lang='lat' dir='ltr'>culpat</span> <span class='ocrx_word' id='word_1_169' title='bbox 705 2707 853 2783; x_wconf 91' lang='lat' dir='ltr'>uerbum,</span> <span class='ocrx_word' id='word_1_170' title='bbox 873 2707 1088 2791; x_wconf 89' lang='lat' dir='ltr'>enthymema</span> <span class='ocrx_word' id='word_1_171' title='bbox 1103 2709 1264 2772; x_wconf 88' lang='lat' dir='ltr'>locumue.</span> 
     </span>
     <span class='ocr_line' id='line_1_25' title="bbox 1128 2810 1317 2877; baseline 0.005 -15"><span class='ocrx_word' id='word_1_172' title='bbox 1128 2811 1202 2863; x_wconf 90' lang='lat' dir='ltr'>Non.</span> <span class='ocrx_word' id='word_1_173' title='bbox 1216 2810 1278 2875; x_wconf 85' lang='lat'><strong>428·</strong></span> <span class='ocrx_word' id='word_1_174' title='bbox 1291 2824 1317 2877; x_wconf 92' lang='lat'>7.</span> 
     </span>
    </p>
   </div>
   <div class='ocr_carea' id='block_1_10' title="bbox 363 2911 1170 2982">
    <p class='ocr_par' dir='ltr' id='par_1_12' title="bbox 363 2911 1170 2982">
     <span class='ocr_line' id='line_1_26' title="bbox 363 2911 1170 2982; baseline -0.005 -14"><span class='ocrx_word' id='word_1_175' title='bbox 363 2915 488 2968; x_wconf 87' lang='lat' dir='ltr'>Laterem</span> <span class='ocrx_word' id='word_1_176' title='bbox 499 2914 523 2966; x_wconf 85' lang='lat' dir='ltr'>is</span> <span class='ocrx_word' id='word_1_177' title='bbox 536 2914 576 2967; x_wconf 73' lang='lat' dir='ltr'>tlte</span> <span class='ocrx_word' id='word_1_178' title='bbox 589 2921 686 2967; x_wconf 74' lang='lat' dir='ltr'>correct</span> <span class='ocrx_word' id='word_1_179' title='bbox 700 2930 757 2966; x_wconf 91' lang='grc'><strong>000.</strong></span> <span class='ocrx_word' id='word_1_180' title='bbox 771 2912 840 2982; x_wconf 70' lang='lat' dir='ltr'>sinq.</span> <span class='ocrx_word' id='word_1_181' title='bbox 856 2911 891 2980; x_wconf 88' lang='lat' dir='ltr'>os</span> <span class='ocrx_word' id='word_1_182' title='bbox 902 2911 977 2978; x_wconf 87' lang='lat' dir='ltr'>later,</span> <span class='ocrx_word' id='word_1_183' title='bbox 991 2912 1081 2982; x_wconf 83' lang='lat' dir='ltr'>notos</span> <span class='ocrx_word' id='word_1_184' title='bbox 1090 2912 1170 2966; x_wconf 89' lang='lat' dir='ltr'>latus.</span> 
     </span>
    </p>
   </div>
   <div class='ocr_carea' id='block_1_11' title="bbox 216 3022 1297 3107">
    <p class='ocr_par' dir='ltr' id='par_1_13' title="bbox 216 3022 1297 3107">
     <span class='ocr_line' id='line_1_27' title="bbox 216 3022 1297 3107; baseline -0.002 -18"><span class='ocrx_word' id='word_1_185' title='bbox 216 3045 291 3104; x_wconf 88' lang='lat'>104.</span> <span class='ocrx_word' id='word_1_186' title='bbox 324 3045 402 3088; x_wconf 88' lang='lat' dir='ltr'>nam</span> <span class='ocrx_word' id='word_1_187' title='bbox 419 3025 556 3088; x_wconf 89' lang='lat' dir='ltr'>laterem</span> <span class='ocrx_word' id='word_1_188' title='bbox 573 3024 630 3107; x_wconf 93' lang='lat' dir='ltr'>qui</span> <span class='ocrx_word' id='word_1_189' title='bbox 646 3023 745 3099; x_wconf 86' lang='lat' dir='ltr'>ducit,</span> <span class='ocrx_word' id='word_1_190' title='bbox 764 3023 865 3086; x_wconf 91' lang='lat' dir='ltr'>habet</span> <span class='ocrx_word' id='word_1_191' title='bbox 881 3022 962 3084; x_wconf 94' lang='lat' dir='ltr'>nihil</span> <span class='ocrx_word' id='word_1_192' title='bbox 979 3023 1121 3104; x_wconf 93' lang='lat' dir='ltr'>amplius</span> <span class='ocrx_word' id='word_1_193' title='bbox 1138 3044 1297 3106; x_wconf 90' lang='lat' dir='ltr'>umquam</span> 
     </span>
    </p>
   </div>
   <div class='ocr_carea' id='block_1_12' title="bbox 325 3127 1317 3297">
    <p class='ocr_par' dir='ltr' id='par_1_14' title="bbox 325 3127 1317 3297">
     <span class='ocr_line' id='line_1_28' title="bbox 325 3127 1316 3212; baseline -0.002 -20"><span class='ocrx_word' id='word_1_194' title='bbox 325 3149 423 3212; x_wconf 87' lang='lat' dir='ltr'>quam</span> <span class='ocrx_word' id='word_1_195' title='bbox 437 3149 614 3192; x_wconf 89' lang='lat' dir='ltr'>commune</span> <span class='ocrx_word' id='word_1_196' title='bbox 627 3129 732 3190; x_wconf 87' lang='lat' dir='ltr'>lutum</span> <span class='ocrx_word' id='word_1_197' title='bbox 746 3137 778 3190; x_wconf 92' lang='lat' dir='ltr'>et</span> <span class='ocrx_word' id='word_1_198' title='bbox 792 3127 905 3209; x_wconf 88' lang='lat' dir='ltr'>paleas</span> <span class='ocrx_word' id='word_1_199' title='bbox 918 3147 1126 3210; x_wconf 86' lang='lat' dir='ltr'>caenumque</span> <span class='ocrx_word' id='word_1_200' title='bbox 1139 3139 1316 3190; x_wconf 87' lang='lat' dir='ltr'>aceratum.</span> 
     </span>
     <span class='ocr_line' id='line_1_29' title="bbox 1107 3231 1317 3297; baseline 0 -15"><span class='ocrx_word' id='word_1_201' title='bbox 1107 3231 1183 3282; x_wconf 90' lang='lat' dir='ltr'>Non.</span> <span class='ocrx_word' id='word_1_202' title='bbox 1197 3242 1259 3297; x_wconf 83' lang='lat'>445.</span> <span class='ocrx_word' id='word_1_203' title='bbox 1275 3244 1317 3282; x_wconf 90' lang='lat'>21.</span> 
     </span>
    </p>
   </div>
   <div class='ocr_carea' id='block_1_13' title="bbox 389 3332 1147 3402">
    <p class='ocr_par' dir='ltr' id='par_1_15' title="bbox 389 3332 1147 3402">
     <span class='ocr_line' id='line_1_30' title="bbox 389 3332 1147 3402; baseline -0.004 -16"><span class='ocrx_word' id='word_1_204' title='bbox 389 3334 442 3386; x_wconf 79' lang='lat' dir='ltr'>The</span> <span class='ocrx_word' id='word_1_205' title='bbox 451 3342 513 3402; x_wconf 83' lang='lat' dir='ltr'>poet</span> <span class='ocrx_word' id='word_1_206' title='bbox 526 3334 648 3386; x_wconf 83' lang='lat' dir='ltr'>emulutes</span> <span class='ocrx_word' id='word_1_207' title='bbox 661 3333 701 3385; x_wconf 77' lang='lat' dir='ltr'>tlte</span> <span class='ocrx_word' id='word_1_208' title='bbox 712 3332 939 3402; x_wconf 73' lang='lat' dir='ltr'>puynocioumess</span> <span class='ocrx_word' id='word_1_209' title='bbox 952 3332 987 3401; x_wconf 92' lang='lat' dir='ltr'>of</span> <span class='ocrx_word' id='word_1_210' title='bbox 996 3332 1147 3401; x_wconf 80' lang='lat' dir='ltr'>Zopyrion.</span> 
     </span>
    </p>
   </div>
   <div class='ocr_carea' id='block_1_14' title="bbox 218 3441 1165 3527">
    <p class='ocr_par' dir='ltr' id='par_1_16' title="bbox 218 3441 1165 3527">
     <span class='ocr_line' id='line_1_31' title="bbox 218 3441 1165 3527; baseline -0.005 -17"><span class='ocrx_word' id='word_1_211' title='bbox 218 3461 292 3524; x_wconf 86' lang='lat'><strong>105.</strong></span> <span class='ocrx_word' id='word_1_212' title='bbox 326 3443 446 3526; x_wconf 86' lang='lat' dir='ltr'>arripio</span> <span class='ocrx_word' id='word_1_213' title='bbox 462 3453 496 3507; x_wconf 88' lang='lat' dir='ltr'>et</span> <span class='ocrx_word' id='word_1_214' title='bbox 512 3454 654 3506; x_wconf 91' lang='lat' dir='ltr'>rostrum</span> <span class='ocrx_word' id='word_1_215' title='bbox 671 3442 851 3524; x_wconf 86' lang='lat' dir='ltr'>labeasque</span> <span class='ocrx_word' id='word_1_216' title='bbox 869 3442 943 3505; x_wconf 89' lang='lat' dir='ltr'>huic</span> <span class='ocrx_word' id='word_1_217' title='bbox 961 3441 1165 3527; x_wconf 91' lang='lat' dir='ltr'>Zopyriatim</span> 
     </span>
    </p>
   </div>
   <div class='ocr_carea' id='block_1_15' title="bbox 326 3545 1318 3718">
    <p class='ocr_par' dir='ltr' id='par_1_17' title="bbox 326 3545 1318 3718">
     <span class='ocr_line' id='line_1_32' title="bbox 326 3545 1142 3632; baseline -0.004 -21"><span class='ocrx_word' id='word_1_218' title='bbox 326 3547 475 3632; x_wconf 92' lang='lat' dir='ltr'>percutio</span> <span class='ocrx_word' id='word_1_219' title='bbox 492 3547 676 3632; x_wconf 85' lang='lat' dir='ltr'>dentesque</span> <span class='ocrx_word' id='word_1_220' title='bbox 692 3545 853 3611; x_wconf 88' lang='lat' dir='ltr'>aduorsos</span> <span class='ocrx_word' id='word_1_221' title='bbox 869 3545 1010 3612; x_wconf 88' lang='lat' dir='ltr'>discutio</span> <span class='ocrx_word' id='word_1_222' title='bbox 1026 3546 1142 3610; x_wconf 91' lang='lat' dir='ltr'>omnis.</span> 
     </span>
     <span class='ocr_line' id='line_1_33' title="bbox 1109 3649 1318 3718; baseline 0 -16"><span class='ocrx_word' id='word_1_223' title='bbox 1109 3649 1185 3702; x_wconf 92' lang='lat' dir='ltr'>Non.</span> <span class='ocrx_word' id='word_1_224' title='bbox 1199 3661 1260 3718; x_wconf 80' lang='lat'>455.</span> <span class='ocrx_word' id='word_1_225' title='bbox 1278 3662 1318 3704; x_wconf 87' lang='lat'>10.</span> 
     </span>
    </p>
   </div>
   <div class='ocr_carea' id='block_1_16' title="bbox 0 0 1473 4232">
    <p class='ocr_par' dir='ltr' id='par_1_18' title="bbox 0 0 1473 4232">
     <span class='ocr_line' id='line_1_34' title="bbox 0 0 1473 4232; baseline 0 0"><span class='ocrx_word' id='word_1_226' title='bbox 0 0 1473 4232; x_wconf 95' lang='lat' dir='ltr'> </span> 
     </span>
    </p>
   </div>
  </div>
 </body>
</html>
