2926 4232
643 325 765 378 VARRO

473 481 568 552 Anyer
580 482 603 532 is
615 499 663 534 one
676 481 742 532 kind
754 481 789 550 os
795 483 915 534 mamers
922 499 932 544 ;

154 593 208 671 56.
241 589 329 653 Aiax
344 599 415 652 tum
432 589 536 652 credit
552 589 641 651 ferro
658 609 694 650 se
710 588 849 651 caedere
866 588 1005 664 Vlixem,

241 713 318 757 cum
334 693 502 756 bacchans
518 691 600 756 suile
618 691 740 754 incedit
757 711 941 774 porcosque
957 692 1107 766 trucidat,

1043 795 1119 847 Non.
1134 805 1194 858 271.
1209 807 1252 860 32·

540 875 731 927 Drunlcenoers
744 876 868 937 abotham·

153 1000 207 1064 57.
469 1031 475 1045 .
501 1031 507 1044 .
534 1031 540 1044 .
565 991 601 1044 tu
618 1002 684 1044 non
701 969 836 1056 insanis
854 981 911 1063 qui
926 980 986 1044 tibi
1002 981 1080 1045 uino

240 1106 362 1170 corpus
378 1081 667 1170 corrumpis[que]
688 1105 779 1148 mero
803 1135 809 1147 .
836 1135 842 1147 .
868 1086 900 1148 ..l

1069 1129 1142 1181 Non.
1156 1141 1215 1196 344.
1233 1141 1253 1178 r.

582 1269 697 1322 Avarico
710 1270 826 1323 another.

152 1379 207 1457 58.
371 1392 377 1404 ”
514 1426 520 1439 .
546 1426 553 1439 .
579 1426 585 1438 .
611 1376 754 1459 denique
770 1377 827 1459 qui
843 1377 885 1440 sit
901 1398 1023 1440 auarus

241 1481 366 1544 sanus?
412 1481 465 1544 cui
481 1480 509 1544 si
525 1490 591 1544 stet
607 1481 707 1544 terrai
722 1481 863 1543 traditus
879 1481 977 1557 orbis,

241 1585 385 1648 iurando
402 1594 512 1654 tamen
529 1605 567 1648 ac
584 1585 699 1648 morbo
716 1585 903 1648 stimulatus
919 1586 1037 1648 eodem

242 1709 283 1752 ex
298 1709 372 1752 sese
388 1689 460 1770 ipse
477 1688 599 1771 aliquid
617 1699 756 1771 quaerat
772 1699 936 1772 cogatque
953 1689 1072 1771 peculi.

374 1805 376 1810 ’
927 1793 1000 1843 Non.
1014 1805 1072 1860 39²·
1090 1805 1118 1857 13
1140 1790 1198 1856 264.
1212 1805 1254 1862 ao.

228 1893 283 1946 The
294 1903 381 1964 questo
391 1893 493 1963 finally
504 1896 573 1963 sully
586 1903 630 1946 out
642 1903 666 1948 to
679 1895 781 1948 consult
793 1895 833 1946 lle
845 1895 944 1947 orodes
957 1913 990 1946 on
1003 1896 1044 1947 tlte
1057 1895 1182 1964 question.

153 2019 208 2082 59.
286 2011 319 2064 et
344 2001 445 2065 ceteri
471 2001 661 2065 scholastici
688 2001 808 2064 saturis
835 2001 969 2064 auribus
997 2001 1141 2065 scholica
1169 2002 1254 2082 dape

242 2115 342 2188 atque
358 2105 458 2169 ebriis
474 2105 594 2168 lestica
609 2102 873 2191 drepavroltoqlq
888 2105 1120 2187 consurgimus
1137 2105 1255 2168 ieiunis

242 2209 355 2273 oculis.
1043 2238 1119 2289 Non,
1132 2249 1195 2303 451,
1210 2249 1253 2302 3²·

173 2389 211 2441 Ar
223 2391 264 2442 tlte
277 2390 367 2458 temple
379 2391 414 2459 os
422 2389 531 2460 Serapis
544 2390 602 2458 they
612 2389 678 2458 find
694 2390 748 2442 aar
765 2407 827 2442 even
844 2389 884 2441 the
895 2390 949 2458 qod
962 2389 985 2442 is
997 2389 1062 2442 keen
1073 2389 1124 2458 sor
1136 2406 1235 2456 money.

153 2498 209 2561 oo.
243 2497 374 2578 hospes,
393 2496 472 2578 quid
489 2496 588 2558 miras
604 2516 741 2558 nummo
757 2515 874 2558 curare
891 2495 1066 2577 Serapim?

286 2599 388 2682 quid?
412 2600 507 2682 quasi
523 2621 590 2663 non
607 2609 701 2662 curet
716 2599 801 2662 tanti
817 2599 895 2662 item
913 2598 1136 2662 Aristoteles?

149 2739 208 2824 61.
242 2746 299 2799 aut
315 2736 431 2800 ambos
447 2737 531 2800 mira
547 2746 604 2800 aut
620 2736 688 2798 noli
703 2735 822 2798 mirare
838 2736 937 2798 deum
955 2756 1007 2798 mc

286 2841 328 2904 de
344 2841 462 2904 eodem
486 2891 492 2903 ·
513 2890 525 2949 Ι·
551 2890 557 2903 ·
1049 2868 1122 2919 Non.
1135 2867 1198 2931 480.
1213 2881 1254 2935 29.

207 3023 247 3076 Ar
259 3025 299 3078 tlte
312 3025 405 3094 temple
418 3024 453 3095 of
463 3024 557 3094 Cybele
571 3025 593 3077 is
606 3025 662 3078 also
674 3026 804 3087 maduere,
819 3025 913 3094 tlouylt
927 3025 987 3076 here
999 3023 1200 3093 ofsonoticirm.

155 3133 209 3196 62.
286 3133 497 3196 commodum
525 3141 657 3214 praeter
686 3131 804 3194 Matris
833 3133 943 3195 Deum
971 3131 1088 3194 aedem
1116 3131 1255 3193 exaudio

242 3236 469 3320 cymbalorum
494 3236 648 3299 sonitum.
1043 3264 1118 3315 Non,
1134 3276 1193 3330 5²9·
1212 3275 1253 3329 13,

155 3379 209 3452 63.
286 3397 362 3440 cum
392 3377 467 3441 illoc
499 3377 607 3453 ueni0,
640 3377 738 3441 uideo
770 3378 933 3459 gallorum
966 3376 1189 3459 frequentiam
1221 3375 1254 3437 in

242 3481 377 3562 templo,
398 3481 453 3563 qui
474 3481 553 3544 dum
576 3501 720 3544 messem
742 3483 880 3544 hornam
902 3482 1047 3544 adlatam
1070 3481 1256 3562 imponeret

243 3584 358 3647 aedilis
387 3584 483 3666 signo
511 3585 667 3670 Cybelae,
693 3586 790 3648 deam
819 3586 983 3666 gallantes
1012 3585 1104 3648 uario
1132 3583 1256 3646 recine-

242 3687 324 3750 bant
347 3689 505 3769 strepitu:
1061 3715 1135 3765 Non,
1154 3725 1212 3780 ¹19·
1231 3723 1253 3760 ι,
