2934 4236
541 336 735 386 PETRONIVS
759 336 913 385 ARBITER
1219 345 1275 393 111

269 491 338 555 ibat
357 512 411 555 res
430 493 472 555 ad
496 513 660 555 summam
679 513 849 568 nauseam,
867 514 943 556 cum
959 494 1161 559 Trimalchio
1177 495 1279 560 ebrie-

224 606 293 660 tate
320 597 513 678 turpissima
544 596 656 678 grauis
683 617 809 660 nouum
836 618 999 674 acroama,
1024 599 1219 676 cornicines,
1244 601 1277 663 in

224 701 402 763 triclinium
434 700 529 764 iussit
559 701 690 777 adduci,
715 701 887 784 fultusque
918 702 1135 766 ceruicalibus
1166 705 1278 768 multis

225 805 372 867 extendit
387 825 423 867 se
440 825 542 886 super
560 814 670 868 torum
687 814 870 868 extremum
887 816 921 868 et
938 806 1068 888 ‘fingite
1086 809 1153 870 me’
1171 807 1277 890 inquit

183 937 197 982 5
226 915 407 971 ‘mortuum
431 928 514 971 esse.
562 908 660 972 dicite
685 908 809 991 aliquid
836 909 933 972 belli!
980 930 1186 974 consonuere
1210 932 1278 975 cor·
1347 893 1350 900 ,

223 1013 349 1076 nicines
373 1012 507 1075 funebri
532 1011 682 1094 strepitu.
729 1033 816 1076 unus
839 1013 1019 1096 praecipue
1043 1034 1160 1077 seruus
1184 1015 1278 1078 libiti-

223 1117 307 1178 narii
328 1117 425 1192 illius,
443 1116 500 1198 qui
523 1116 609 1179 inter
632 1116 694 1180 hos
718 1116 972 1180 honestissimus
991 1127 1071 1194 erat,
1089 1128 1157 1180 tam
1179 1120 1277 1183 ualde

223 1221 374 1295 intonuit,
399 1230 436 1282 ut
459 1229 562 1283 totam
588 1220 771 1284 concitaret
798 1220 961 1284 uiciniam.
1010 1221 1122 1304 itaque
1146 1223 1275 1304 uigiles,

223 1325 280 1406 qui
303 1325 534 1387 custodiebant
553 1324 699 1387 uicinam
720 1324 900 1406 regionem,
918 1325 982 1388 rati
1003 1325 1118 1389 ardere
1139 1327 1277 1390 Trimal-

169 1449 198 1480 10
223 1429 351 1491 chionis
373 1429 518 1503 domum,
537 1429 744 1510 effregerunt
767 1427 901 1490 ianuam
921 1428 1029 1491 subito
1045 1440 1169 1493 etcum
1189 1451 1276 1514 aqua

223 1532 459 1614 securibusque
479 1532 673 1594 tumultuari
696 1553 756 1595 suo
780 1531 850 1594 iure
869 1543 1060 1614 coeperunt.
1107 1554 1169 1596 nos
1186 1555 1276 1598 occa-

222 1636 350 1698 sionem
366 1635 682 1718 opportunissimam
699 1635 788 1699 nacti
804 1637 1056 1718 Agamemnoni
1072 1637 1175 1700 uerba
1186 1639 1276 1701 dedi-

222 1761 296 1803 mus
312 1741 500 1823 raptimque
516 1749 585 1802 tam
601 1740 701 1822 plane
717 1761 817 1823 quam
834 1761 874 1803 ex
890 1740 1044 1804 incendio
1060 1741 1218 1823 fugimus.

168 1951 319 2018 Encolpius
332 1951 388 2002 und
400 1949 522 2018 Ascyltos
535 1951 641 2020 quarrel
653 1949 735 2019 uyain
748 1967 809 2002 aver
821 1949 907 2012 Giton,
922 1951 977 2002 und
989 1959 1116 2018 separate.
1154 1950 1235 2005 Giton
1249 1962 1275 2004 ut

220 2039 284 2105 first
302 2037 486 2106 accompanies
505 2038 635 2105 Ascyltos,
653 2037 697 2088 out
715 2037 782 2088 luter
798 2036 821 2088 is
839 2038 978 2088 recovered
996 2037 1028 2105 by
1046 2037 1201 2106 Encolpius,
1220 2041 1274 2091 urla

221 2125 308 2176 mulces
325 2126 364 2176 the
381 2125 572 2194 acquaintance
587 2125 622 2192 as
633 2124 793 2192 Eumolpus,
807 2141 823 2175 a
838 2133 900 2191 poet
916 2124 973 2176 atat
990 2142 1007 2175 u
1019 2124 1094 2193 fatui
1110 2127 1237 2194 tendency
1249 2136 1274 2177 to

221 2213 294 2264 make
309 2213 365 2263 und
380 2212 456 2264 recite
470 2229 555 2263 verses
567 2229 601 2263 un
614 2211 651 2262 all
665 2211 808 2273 occasions,
822 2213 878 2262 und
893 2211 953 2262 niet
969 2211 1021 2263 tim
1037 2213 1092 2264 und
1107 2212 1187 2266 Giton
1202 2215 1273 2266 tales

220 2299 278 2366 skip
290 2299 342 2367 sor
358 2298 511 2350 Tarentum.
551 2298 606 2349 But
624 2307 648 2349 tu
666 2297 707 2349 ln's
725 2299 818 2350 homar
833 2299 864 2349 lte
874 2298 952 2366 finds
971 2300 1024 2350 rtur
1042 2301 1083 2351 tlte
1101 2299 1271 2368 skip-muster,

219 2386 327 2449 Lichas,
347 2387 402 2438 and
421 2403 438 2437 u
456 2402 608 2454 pussenyer,
633 2385 799 2452 Tryphaena,
820 2402 866 2437 ure
888 2385 932 2437 old
951 2386 1063 2438 enemies
1084 2386 1119 2455 of
1136 2387 1186 2439 tis.
1236 2388 1273 2440 To

220 2491 318 2541 escape,
334 2474 494 2542 recoynitian
515 2473 662 2540 Encolpius
684 2473 739 2524 and
761 2473 840 2524 Giton
862 2489 940 2542 uyree
961 2482 986 2526 tu
1005 2491 1071 2542 pass
1093 2491 1123 2526 us
1145 2493 1273 2545 runurcuy

219 2561 303 2612 slaves
315 2560 350 2629 os
360 2561 516 2628 Eumolpus,
527 2561 587 2628 just
599 2560 832 2628 recaptured,'und
847 2561 944 2612 sluaed
958 2563 1013 2614 und
1028 2562 1147 2614 brunded
1161 2563 1193 2630 ty
1204 2563 1271 2614 ltine:

263 2675 359 2756 coepi
382 2695 536 2737 somnum
560 2674 678 2737 obruto
703 2674 852 2738 tunicula
879 2675 988 2756 capite
1015 2676 1155 2739 mentiri.
1212 2679 1270 2740 sed

167 2809 194 2855 15
218 2789 356 2860 repente
388 2778 483 2860 quasi
515 2779 707 2841 destruente
739 2779 875 2841 fortuna
907 2780 1128 2842 constantiam
1161 2802 1269 2844 meam

218 2883 380 2945 eiusmodi
415 2902 480 2945 uox
514 2903 615 2964 super
653 2892 857 2946 constratum
897 2883 1019 2964 puppis
1057 2886 1268 2964 congemuit:

220 2992 317 3066 ‘ergo
344 3007 397 3048 me
425 2986 580 3048 derisit?’
632 2997 666 3049 et
693 2987 775 3049 haec
803 2987 936 3068 quidem
968 2986 1070 3050 uirilis
1102 2998 1135 3050 et
1162 3010 1269 3070 paene

218 3091 351 3153 auribus
383 3090 465 3152 meis
497 3089 670 3152 familiaris
702 3090 848 3152 animum
884 3091 1103 3172 palpitantem
1139 3113 1269 3173 percus-

205 3194 267 3256 sit.
318 3204 466 3257 ceterum
490 3195 607 3257 eadem
630 3194 858 3275 indignatione
882 3195 1165 3259 mulierlacerata
1190 3199 1269 3259 ulte-

165 3328 194 3358 20
217 3299 284 3360 rius
312 3297 490 3361 excanduit
516 3307 549 3360 et
574 3297 620 3360 ‘si
646 3298 720 3380 quis
747 3298 830 3360 deus
857 3299 1009 3361 manibus
1037 3300 1137 3363 meis’
1162 3301 1268 3382 inquit

219 3401 360 3466 ‘Gitona
396 3402 591 3483 imponeret,
631 3423 730 3484 quam
769 3401 854 3465 bene
892 3403 1021 3466 exulem
1059 3403 1266 3486 exciperem’

217 3516 355 3589 uterque
383 3516 532 3569 nostrum
561 3515 630 3568 tam
661 3506 871 3587 inexpectato
898 3507 982 3570 ictus
1007 3528 1088 3570 sono
1112 3508 1267 3571 amiserat

217 3611 423 3692 sanguinem.
471 3631 534 3692 ego
558 3610 737 3692 praecipue
761 3610 856 3692 quasi
879 3612 1007 3674 somnio
1031 3613 1175 3694 quodam
1203 3623 1268 3675 tur-

216 3715 351 3778 bulento
372 3715 591 3778 circumactus
611 3715 666 3778 diu
690 3735 806 3777 uocem
831 3715 949 3796 collegi
972 3717 1266 3798 tremebundisque
