2934 4236
171 335 175 344 ·
234 295 293 372 146
494 303 705 352 annonariis
728 277 772 352 or
798 303 923 352 nonan
947 303 1073 352 snum:

283 460 432 542 proximo
459 460 685 523 semirotundo
714 469 885 540 suggestu,
915 469 1051 542 propter
1077 459 1338 524 instrumentum

282 563 485 627 cenatorium
505 574 577 626 rata
596 563 736 626 refectui
757 585 817 626 suo
839 563 1059 642 commodum,
1080 563 1188 628 libens
1206 584 1339 628 accum-

282 667 338 731 bit.
386 678 419 730 et
438 667 512 730 ilico
530 667 600 730 uini
618 667 766 731 nectarei
786 667 997 750 eduliumque
1019 667 1185 731 uariorum
1204 669 1339 734 fercula

283 772 428 854 copiosa,
460 771 551 834 nullo
582 771 757 847 seruiente,
790 771 849 834 sed
879 781 1009 834 tantum
1041 771 1157 853 spiritu
1188 771 1337 854 quodam

245 903 259 949 5
283 876 434 957 impulsa,
463 875 761 938 subministrantur.
820 895 882 938 nec
909 895 1109 957 quemquam
1136 885 1249 938 tamen
1280 875 1340 938 illa

284 980 396 1042 uidere
412 989 552 1061 poterat,
570 979 629 1042 sed
641 979 743 1042 uerba
761 987 892 1042 tanturn
912 978 1068 1042 audiebat
1088 978 1283 1054 excidentia,
1302 990 1339 1041 et
1358 962 1368 969 ⁸

284 1084 371 1146 solas
384 1104 483 1147 uoces
495 1083 640 1146 famulas
653 1083 805 1146 habebat.
845 1092 922 1165 post
934 1082 1062 1164 opimas
1078 1083 1183 1164 dapes
1199 1083 1338 1166 quidam

284 1188 479 1263 introcessit,
493 1197 526 1250 et
538 1187 686 1250 cantauit
699 1187 839 1262 inuisus;
862 1197 896 1250 et
908 1186 992 1249 alius
1004 1186 1165 1250 citharam
1179 1187 1336 1268 pulsauit,

284 1312 369 1374 quae
390 1292 565 1354 uidebatur
585 1311 647 1354 nec
671 1291 752 1372 ipsa.
798 1301 878 1353 tunc
902 1291 1091 1354 modulatae
1114 1290 1338 1354 multitudinis

232 1423 260 1456 10
284 1397 435 1459 conferta
454 1416 518 1458 uox
539 1415 636 1458 aures
659 1395 730 1457 eius
753 1395 901 1469 affertur,
920 1405 964 1469 ut,
983 1394 1135 1476 quamuis
1162 1395 1337 1456 hominum

284 1519 382 1562 nemo
406 1509 546 1581 pareret,
571 1499 692 1562 chorus
715 1508 828 1561 tamen
855 1518 929 1561 esse
955 1507 1093 1580 pateret.
1167 1517 1200 1576 4.
1233 1498 1339 1561 finitis

284 1603 520 1685 uoluptatibus,
546 1621 687 1684 uespera
715 1602 886 1676 suadente,
911 1601 1063 1664 concedit
1091 1602 1220 1686 Psyche
1247 1602 1338 1664 cubi-

283 1717 362 1770 tum.
417 1707 549 1789 iamque
576 1716 734 1787 prouecta
761 1716 858 1768 nocte
892 1706 1039 1768 clemens
1066 1705 1200 1787 quidam
1231 1725 1338 1768 sonus

284 1831 381 1874 aures
411 1811 482 1874 eius
512 1810 648 1873 accedit.
711 1820 790 1872 tunc
822 1809 1003 1891 uirginitati
1035 1829 1114 1872 suae
1146 1829 1206 1890 pro
1240 1819 1338 1872 tanta

233 1941 259 1988 ις
284 1915 460 1978 solitudine
487 1924 640 1977 metuens
667 1923 769 1995 pauet
796 1923 829 1976 et
853 1913 1021 1988 horrescit,
1047 1923 1080 1976 et
1103 1913 1221 1995 quouis
1246 1914 1337 1976 malo

284 2019 358 2100 plus
377 2019 479 2094 timet,
497 2019 585 2100 quod
604 2017 744 2099 ignorat.
797 2017 928 2099 iamque
950 2017 1064 2080 aderat
1087 2016 1241 2098 ignobilis
1264 2038 1337 2080 ma·

284 2123 374 2198 rituS,
403 2133 437 2186 et
466 2133 575 2185 torum
606 2122 826 2196 inscenderat‚
855 2130 889 2184 et
919 2141 1054 2184 uxorem
1086 2121 1148 2183 sibi
1180 2121 1336 2206 Psychen

283 2227 418 2304 fecerat,
436 2237 469 2290 et
488 2236 565 2290 ante
584 2225 666 2288 lucis
685 2235 835 2288 exortum
857 2245 999 2306 propere
1018 2225 1223 2288 discesserat.
1271 2236 1337 2289 sta-

283 2331 341 2392 tim
369 2351 468 2393 uoces
495 2329 647 2400 cubiculo
675 2329 896 2410 praestolatae
923 2349 1045 2391 nouam
1072 2339 1212 2410 nuptam
1235 2329 1336 2392 inter-

231 2459 259 2489 20
283 2434 392 2496 fectae
425 2433 623 2515 uirginitatis
654 2441 780 2496 curant.
833 2433 915 2496 haec
946 2432 1074 2495 diutino
1104 2442 1255 2514 ternpore
1287 2433 1335 2496 sic

283 2539 475 2618 agebantur.
523 2547 631 2619 atque,
651 2546 687 2598 nt
709 2546 760 2599 est
783 2546 901 2598 natura
923 2535 1098 2612 redditum,
1118 2536 1249 2599 nouitas
1273 2557 1335 2618 per

282 2642 449 2712 assiduam
465 2640 738 2703 consuetudinem
755 2639 1010 2702 delectationem
1026 2639 1057 2702 ei
1072 2640 1332 2717 commendarat,

282 2755 315 2808 et
331 2766 432 2808 sonus
449 2744 540 2807 uocis
556 2744 702 2806 incertae
719 2743 905 2806 solitudinis
922 2753 993 2806 erat
1010 2743 1177 2806 solacium.

325 2849 451 2911 interea
474 2858 629 2929 parentes
653 2847 724 2910 eius
747 2847 917 2909 indefesso
941 2847 1031 2910 luctu
1056 2857 1156 2930 atque
1181 2867 1333 2912 maerore

228 2980 255 3026 25
281 2952 573 3026 consenescebant,
603 2951 767 3032 latiusque
795 2960 948 3032 porrecta
974 2951 1066 3013 sarna
1096 2971 1226 3014 sorores
1256 2951 1332 3016 illae

281 3057 420 3118 maiores
447 3065 567 3118 cuncta
595 3065 787 3136 cognorant,
818 3073 1026 3137 propereque
1052 3064 1200 3118 maestae
1230 3065 1332 3138 atque

279 3159 447 3241 lugubres,
476 3160 607 3222 deserto
635 3161 712 3234 lare,
741 3159 891 3222 certatim
919 3159 961 3222 ad
992 3168 1168 3240 parentum
1195 3169 1331 3222 suorum

279 3273 495 3345 conspectum
518 3264 734 3345 adlatumque
757 3272 978 3344 perrexerant.
1048 3279 1080 3342 5.
1106 3283 1146 3326 ea
1167 3272 1265 3326 nocte
1289 3264 1331 3326 ad

279 3389 372 3430 suam
397 3367 548 3452 Psychen
571 3367 616 3430 sic
638 3367 710 3428 inlit
732 3366 869 3429 maritus
884 3364 1044 3448 (namque
1062 3373 1200 3448 praeter
1217 3367 1331 3430 oculos

223 3503 254 3548 30
277 3481 310 3534 et
331 3471 485 3533 manibus
506 3481 539 3533 et
561 3470 694 3532 auribus
717 3470 778 3532 iste
802 3469 893 3532 Nihil
915 3469 1152 3551 sentiebatur):
1182 3471 1330 3554 ‘Psyche

278 3575 469 3639 dulcissima
486 3585 519 3636 et
535 3595 612 3636 cara
628 3594 718 3648 uxor,
732 3573 896 3636 exitiabile
913 3573 972 3635 tibi
988 3573 1175 3654 periculum
1186 3573 1330 3636 minatur

278 3680 415 3741 fortuna
443 3677 581 3751 saeuior,
608 3677 697 3758 quod
728 3677 972 3739 obseruandum
1004 3676 1168 3758 pressiore
1199 3678 1330 3740 cautela
