2934 4236
189 275 248 338 168
448 285 659 334 sanciturus
682 285 728 334 or
750 285 875 334 xouxu
899 285 1025 334 sarrae

237 441 343 505 nubes
359 452 393 505 et
409 441 546 506 Caelum
566 442 652 505 filiae
672 442 838 524 panditur,
856 446 890 506 et
909 463 1058 506 summus
1076 443 1193 507 aether
1211 463 1287 507 cum

237 546 358 627 gaudio
376 545 513 627 suscipit
529 546 634 608 deam.
683 567 744 609 nec
761 546 877 610 obuias
893 546 1021 630 aquilas
1040 547 1094 610 uel
1113 547 1288 629 accipitres

237 669 375 732 rapaces
392 648 595 730 pertimescit
611 669 754 731 magnae
770 650 911 714 Veneris
927 671 1050 714 canora
1066 650 1201 714 familia.

281 770 312 832 7.
338 763 418 817 tuuc
442 772 477 815 se
502 753 655 835 protinus
679 753 721 816 ad
746 754 836 816 Iouis
859 755 968 836 regias
992 775 1086 844 arces
1109 754 1228 837 dirigit,
1255 765 1288 818 et

199 887 212 933 5
236 858 342 940 petitu
360 857 504 940 superbo
521 857 687 935 Mercurii,
705 858 758 922 dei
775 859 907 934 uocalis,
926 879 1047 942 operae
1064 859 1287 922 necessariam

236 981 371 1023 usuram
403 960 557 1052 ppstulat.
604 981 667 1024 nec
698 961 830 1025 rennuit
862 962 952 1026 Iouis
980 963 1148 1026 caerulum
1176 983 1288 1045 super-

237 1064 356 1127 cilium.
417 1074 497 1127 tunc
528 1085 632 1128 ouans
667 1065 740 1129 ilico
775 1066 955 1129 comitante
988 1066 1088 1130 etiam
1120 1067 1287 1130 Mercurio

236 1169 353 1232 Venus
372 1169 464 1232 caelo
485 1169 626 1245 demeat,
644 1169 739 1251 eique
762 1153 900 1233 sollicite
922 1170 1001 1234 serit
1020 1170 1140 1233 uerba:
1167 1171 1287 1233 ‘frater

236 1273 355 1348 Arcas,
378 1272 442 1335 scis
467 1293 588 1354 nempe
616 1293 761 1336 sororem
788 1283 880 1336 tuam
908 1275 1075 1338 Venerem
1102 1274 1173 1337 sine
1202 1275 1288 1338 Mer-

185 1408 213 1440 10
236 1375 318 1438 curii
345 1375 533 1458 praesentia
558 1375 605 1439 nil
632 1397 791 1459 umquam
818 1377 948 1455 fecisse,
973 1398 1035 1441 nec
1065 1387 1098 1441 te
1129 1378 1287 1461 praeterit

236 1480 351 1562 utique
363 1489 487 1563 quanto
504 1479 570 1543 iam
583 1490 733 1563 tempore
747 1481 996 1545 delitescentem
1009 1483 1162 1544 ancillam
1176 1482 1288 1564 nequi-

236 1584 340 1647 uerim
357 1585 535 1666 repperire.
582 1584 628 1647 nil
644 1605 725 1667 ergo
747 1595 899 1666 superest
920 1607 1019 1668 quarn
1036 1595 1093 1648 tuo
1109 1586 1287 1668 praeconio

236 1688 421 1771 praemium
450 1687 715 1769 inuestigationis
739 1689 918 1771 publicitus
941 1689 1080 1752 edicere.
1128 1690 1182 1754 iac
1205 1710 1285 1772 ergo

236 1793 430 1855 mandatum
455 1802 602 1855 matures
627 1813 747 1869 meum,
773 1803 807 1856 et
829 1793 950 1856 indicia
972 1793 1028 1875 qui
1055 1793 1160 1876 possit
1186 1815 1287 1875 agno-

185 1926 211 1973 15
237 1896 283 1958 sci
307 1897 483 1958 manifeste
509 1895 674 1977 designes,
697 1917 749 1972 ne,
775 1896 877 1978 siquis
904 1897 1133 1960 occultationis
1156 1897 1286 1960 illicitae

237 2000 361 2062 crimen
378 2000 523 2076 subierit,
541 1999 748 2081 ignorantiae
765 2021 801 2063 se
818 2000 923 2082 possit
942 2001 1152 2064 excusatione
1175 2001 1287 2064 delen-

237 2104 334 2167 dere.’
381 2113 414 2167 et
434 2104 530 2167 simul
550 2104 663 2167 dicens
682 2104 828 2168 libellum
850 2104 881 2168 ei
902 2104 1041 2187 porrigit
1062 2104 1119 2167 ubi
1141 2106 1286 2190 Psyches

236 2229 358 2272 nomen
377 2207 617 2284 continebatur,
640 2217 674 2271 et
692 2217 811 2271 cetera.
859 2229 924 2291 quo
945 2210 1036 2272 iacto
1058 2209 1209 2292 protinus
1233 2209 1287 2272 do-

236 2333 326 2375 mum
354 2313 498 2376 secessit.
576 2315 607 2378 8.
637 2333 699 2376 nec
729 2313 916 2376 Mercurius
943 2313 1052 2376 omisit
1079 2313 1283 2396 obsequium.

184 2450 213 2481 ω
236 2402 313 2480 nam
333 2437 393 2499 per
412 2417 557 2479 omnium
578 2438 636 2479 ora
658 2417 857 2499 populorum
879 2417 1003 2499 passim
1023 2417 1222 2493 discurrens,
1240 2417 1286 2482 sic

236 2521 413 2583 mandatae
441 2521 695 2602 praedicationis
721 2542 842 2584 munus
871 2521 1113 2603 exequebatur:
1139 2520 1186 2584 ‘si
1212 2521 1286 2604 quis

236 2645 256 2687 a
271 2626 353 2706 fuga
368 2625 546 2701 retrahere,
564 2625 618 2687 uel
635 2625 798 2688 occultam
815 2625 1043 2688 demonstrare
1063 2625 1184 2708 poterit
1203 2625 1287 2706 iugi-

235 2729 338 2792 tiuam
365 2729 453 2810 regis
480 2729 589 2805 filiam,
607 2729 749 2792 Veneris
777 2729 939 2805 ancillam,
958 2729 1092 2792 nomine
1121 2730 1284 2815 Psychen,

142 2863 143 2866 ¹
236 2833 413 2896 conueniat
436 2842 523 2896 retro
546 2843 652 2896 metas
682 2833 824 2896 Murtias
854 2833 1056 2896 Mercurium
1084 2833 1286 2915 praedicato

183 2968 210 3014 25
235 2957 313 3012 rem,
326 2947 522 3019 accepturus
538 2937 703 3000 indicinae
719 2937 853 3000 nomine
870 2937 912 3000 ab
928 2938 1000 3019 ipsa
1011 2939 1143 3001 Venere
1156 2947 1285 3019 septem

236 3041 327 3103 sauia
344 3040 460 3103 suauia
479 3050 512 3104 et
531 3062 634 3103 unum
652 3041 854 3104 blandientis
874 3043 1015 3124 adpulsu
1035 3041 1168 3122 linguae
1186 3041 1285 3122 longe

236 3145 425 3222 mellitum),
474 3145 516 3207 ad
550 3146 639 3209 hunc
672 3146 807 3208 modum
839 3145 1075 3228 pronuntiante
1107 3144 1283 3220 Mercuri0,

235 3249 319 3312 tanti
346 3249 484 3332 praemii
512 3249 632 3332 cupido
660 3250 810 3313 certatim
835 3250 982 3313 omnium
1009 3249 1197 3312 mortalium
1221 3259 1285 3312 stu-

235 3353 325 3416 dium
354 3355 534 3416 adrexerat.
580 3375 668 3436 quae
699 3375 752 3418 res
779 3375 867 3418 nunc
898 3353 952 3417 uel
982 3353 1127 3416 maxime
1154 3352 1285 3416 sustulit

182 3487 211 3532 30
237 3459 383 3542 Psyches
407 3479 538 3521 omnem
563 3459 815 3522 cunctationem.

279 3562 411 3644 iamque
434 3563 523 3625 fores
551 3562 621 3624 eius
650 3563 803 3625 dominae
831 3562 1029 3644 proximanti
1054 3561 1196 3625 occurrit
1219 3581 1286 3624 una

235 3666 277 3730 de
315 3666 478 3728 famulitio
503 3666 653 3742 Veneris,
685 3667 818 3730 nomine
851 3667 1074 3742 Consuetudo,
1106 3666 1285 3748 statimque
