2926 4232
541 297 736 348 ruruourvs
757 298 912 348 ananan
1235 291 1278 368 89

225 473 327 516 manu
354 453 608 536 pinguissimam
636 455 811 518 ficedulam
838 455 952 519 inueni
982 455 1134 540 piperato
1165 455 1277 520 uitello

225 555 472 621 circumdatam.

269 679 323 739 34.
350 661 415 724 iam
439 661 642 726 Trimalchio
661 663 778 726 eadem
801 663 912 727 omnia
928 664 1002 726 lusu
1019 663 1206 727 intermisso
1223 684 1278 746 po-

225 775 380 848 poscerat
404 766 597 849 feceratque
620 776 822 849 potestatem
846 769 937 831 clara
960 787 1051 843 uoce,
1069 767 1096 830 si
1112 767 1185 850 quis
1205 788 1278 831 nos

186 897 200 943 ς
225 878 313 931 trum
337 869 456 932 iterum
480 870 581 934 uellet
604 871 747 934 mulsum
767 891 907 947 sumere,
925 892 1001 936 cum
1018 871 1127 934 subito
1144 870 1276 952 signum

225 973 427 1057 symphonia
450 973 548 1036 datur
570 983 604 1037 et
627 975 811 1056 gustatoria
828 975 951 1057 pariter
967 995 986 1038 a
1002 976 1104 1038 choro
1120 985 1277 1038 cantante

225 1076 407 1159 rapiuntur.
455 1087 603 1140 ceterum
626 1077 713 1140 inter
727 1079 906 1144 tumultum
927 1099 1003 1142 cum
1021 1079 1108 1142 forte
1125 1079 1277 1161 paropsis

225 1180 402 1245 excidisset
435 1191 469 1245 et
504 1201 588 1264 puer
618 1181 782 1245 iacentem
813 1182 1011 1258 sustulisset,
1043 1182 1278 1246 animaduertit

225 1284 427 1348 Trimalchio
454 1285 672 1368 colaphisque
703 1286 871 1368 obiurgari
897 1307 1037 1370 puerum
1064 1307 1103 1350 ac
1129 1287 1277 1369 proicere

173 1417 202 1450 ιο
225 1409 339 1452 rursus
362 1388 576 1472 paropsidem
600 1389 703 1453 iussit.
751 1390 920 1454 insecutus
943 1401 994 1454 est
1017 1391 1202 1454 lecticarius
1229 1411 1277 1453 ar·

225 1502 431 1576 gentumque
447 1493 534 1558 inter
549 1493 677 1576 reliqua
692 1505 915 1577 purgamenta
931 1495 1041 1577 scopis
1057 1495 1167 1578 coepit
1186 1515 1277 1558 euer-

225 1617 306 1660 rere.
353 1596 495 1661 subinde
519 1597 727 1662 intrauerunt
746 1599 812 1662 duo
833 1599 1020 1681 Aethiopes
1037 1598 1184 1681 capillati
1199 1619 1275 1662 cum

225 1700 353 1783 pusillis
377 1701 514 1778 utribus,
532 1702 648 1786 quales
671 1703 780 1766 solent
803 1723 877 1766 esse
901 1702 957 1785 qui
976 1703 1135 1766 harenam
1156 1702 1189 1765 in
1211 1723 1277 1765 anr-

225 1804 414 1886 phitheatro
428 1815 602 1887 spargunt,
615 1805 797 1890 uinumque
810 1807 932 1870 dedere
945 1806 978 1869 in
992 1826 1127 1883 manus;
1154 1827 1275 1889 aquarn

172 1936 200 1983 15
225 1908 314 1970 enim
330 1929 429 1972 nemo
446 1909 599 1991 porrexit.

268 2012 422 2076 laudatus
453 2022 590 2095 propter
620 2013 804 2095 elegantias
834 2014 989 2077 dominus
1017 2013 1275 2096 ‘aequum''in·

225 2116 296 2198 quit
321 2117 434 2180 ‘Mars
465 2127 563 2180 amat.
610 2117 722 2199 itaque
750 2117 830 2181 iussi
857 2138 951 2180 suam
978 2117 1097 2200 cuique
1124 2138 1274 2181 mensam

224 2220 396 2302 assignari.
444 2220 551 2284 obiter
577 2231 610 2284 et
637 2221 838 2303 putidissimi
869 2206 957 2284 serui
987 2221 1149 2284 minorem
1180 2222 1275 2286 nobis

224 2334 353 2388 aestum
369 2324 559 2407 frequentia
575 2346 634 2388 sua
650 2314 796 2388 facient!

171 2458 201 2490 ω
268 2427 379 2491 statim
402 2428 522 2492 allatae
546 2439 623 2492 sunt
647 2429 828 2510 amphorae
852 2429 976 2492 uitreae
999 2429 1178 2511 diligenter
1194 2450 1275 2513 gyp-

224 2541 326 2606 satae‚
351 2552 492 2614 quarum
519 2531 553 2595 in
580 2532 764 2595 ceruicibus
793 2533 929 2615 pittacia
952 2543 1047 2596 erant
1074 2533 1172 2595 affixa
1199 2553 1273 2595 cum

224 2637 288 2700 hoc
310 2635 425 2700 titulo:
459 2637 658 2699 ‘Falernum
682 2637 899 2718 Opimianum
927 2658 1090 2700 annorum
1118 2638 1272 2700 centum!

224 2741 303 2804 dum
327 2739 440 2804 titulos
464 2740 676 2822 perlegimuS,
694 2740 869 2822 complosit
888 2741 1090 2804 Trimalchio
1107 2761 1225 2802 manus
1242 2751 1274 2803 et

226 2845 348 2908 ‘eheu’
371 2843 478 2926 inquit
501 2850 598 2926 ‘ergo
622 2844 745 2907 diutius
769 2845 851 2908 uiuit
874 2845 987 2908 uinum
1013 2865 1112 2928 quam
1139 2845 1275 2907 homun-

172 2977 200 3024 ος
224 2948 284 3013 cio.
347 2967 450 3030 quare
481 2958 702 3030 tengomenas
732 2949 904 3012 faciamus
968 2949 1037 3012 uita
1067 2948 1180 3011 uinum
1212 2959 1271 3011 est.

225 3073 339 3116 uerum
354 3052 571 3135 Opimianum
584 3063 726 3134 praesto
774 3053 846 3116 heri
862 3074 929 3116 non
945 3064 1013 3116 tam
1030 3053 1154 3116 bonurn
1168 3053 1272 3135 posui,

224 3167 258 3220 et
280 3157 385 3220 multo
409 3156 616 3223 honestiores
639 3157 825 3221 cenabam!
873 3158 1065 3240 potantibus
1081 3177 1162 3238 ergo
1178 3157 1274 3220 nobis

224 3271 258 3325 et
281 3261 528 3324 accuratissime
551 3261 696 3326 lautitias
720 3261 916 3324 mirantibus
936 3262 1063 3324 laruam
1080 3271 1272 3342 argenteam

224 3365 333 3429 attulit
357 3385 474 3428 seruus
498 3363 545 3428 sic
568 3375 726 3447 aptatam,
744 3375 781 3428 ut
800 3365 929 3428 articuli
946 3365 1016 3428 eius
1033 3366 1273 3447 uertebraeque

171 3500 201 3546 30
224 3469 355 3533 luxatae
370 3468 405 3531 in
421 3489 555 3532 omnem
571 3479 700 3550 partem
717 3469 938 3533 flecterentur.
986 3470 1072 3532 hanc
1086 3490 1160 3532 cum
1174 3489 1274 3549 super

225 3593 374 3637 mensam
392 3572 495 3636 semel
510 3572 696 3655 iterumque
713 3573 897 3650 abiecisset,
911 3583 945 3637 et
961 3573 1126 3636 catenatio
1144 3571 1273 3635 mobilis

224 3677 349 3760 aliquot
365 3677 490 3760 figuras
505 3677 714 3760 exprimeret,
732 3677 935 3742 Trimalchio
951 3677 1089 3740 adiecit:
