2934 4236
510 317 704 366 rurnourvs
727 317 881 367 nnorrsu
1186 309 1245 387 '115

193 472 267 536 cide
295 493 366 549 noS,
394 483 431 536 ut
462 473 578 536 Iudaei
595 473 790 549 uideamur,
819 485 852 536 et
883 475 1047 556 pertunde
1076 496 1181 548 aures,
1212 487 1247 539 ut

192 576 362 640 imitemur
377 577 518 652 ArabeS,
536 587 570 640 et
592 578 719 640 increta
742 578 855 652 facies,
874 588 909 641 ut
931 599 1009 640 suos
1031 579 1139 643 Gallia
1156 579 1247 642 ciues

194 690 306 763 putet:
325 690 486 763 tanquam
503 681 555 744 hic
569 681 659 743 solus
672 682 762 744 color
778 682 915 762 figuram
934 683 1039 764 possit
1056 694 1246 764 peruertere

193 795 228 848 et
243 805 311 847 non
329 785 432 848 multa
448 805 515 848 una
530 795 683 866 oporteat
703 785 913 848 consentiant
930 782 984 869 [et
1003 785 1088 871 non]
1109 787 1245 861 ratione,

155 917 169 964 5
193 896 231 950 ut
250 888 460 952 mendacium
483 898 622 952 constet.
670 899 750 970 puta
773 889 932 952 inlectam
957 891 1176 953 medicamine
1201 893 1247 953 ia·

194 993 279 1056 ciem
301 993 424 1056 diutius
440 993 559 1056 durare
583 1013 699 1074 posse;
724 993 812 1073 finge
829 1013 890 1056 nec
908 1014 1014 1076 aquae
1034 995 1245 1075 asperginem

101 1175 104 1180 Ι
158 1127 161 1132 ·
193 1096 424 1178 imposituram
440 1096 585 1179 aliquam
602 1097 731 1178 corpori
750 1097 923 1172 maculam,
941 1118 1002 1160 nec
1019 1109 1146 1160 uestem
1164 1109 1247 1161 atra-

194 1210 308 1263 mento
325 1201 555 1276 adhaesuram,
569 1200 658 1283 quod
675 1201 869 1282 frequenter
884 1201 984 1263 etiam
1001 1221 1068 1263 non
1085 1203 1246 1265 accersito

194 1305 377 1367 ferrumine
404 1304 568 1385 infigitur:
598 1324 671 1385 age,
696 1304 858 1386 numquid
886 1315 919 1367 et
946 1305 1038 1367 labra
1066 1321 1246 1387 ¹possumus

142 1438 172 1471 10
193 1418 325 1472 tumore
355 1408 546 1471 taeterrimo
577 1407 734 1490 implere?
780 1408 941 1490 numquid
969 1419 1002 1471 et
1029 1409 1137 1472 crines
1164 1410 1247 1472 cala-

88 1529 90 1534 ·
194 1512 310 1576 mistro
341 1513 558 1576 conuertere?
618 1511 780 1594 numquid
814 1522 847 1575 et
879 1513 1008 1576 frontes
1039 1513 1246 1576 cicatricibus

194 1616 369 1680 scindere?
414 1615 575 1698 numquid
596 1625 630 1678 et
646 1636 741 1679 crura
757 1615 791 1678 in
807 1616 920 1679 orbem
941 1617 1109 1698 pandere?
1155 1637 1247 1679 num-

194 1721 276 1803 quid
292 1731 325 1784 et
340 1720 425 1784 talos
441 1720 484 1783 ad
502 1730 624 1782 terram
642 1719 828 1783 deducere?
874 1720 1035 1801 numquid
1057 1728 1086 1780 et
1109 1721 1246 1782 barbam

195 1824 373 1907 peregrina
400 1823 527 1887 ratione
554 1824 718 1905 figurare?
764 1824 853 1886 color
880 1833 950 1886 arte
974 1824 1177 1905 compositus
1202 1825 1247 1886 in-

142 1955 171 2001 15
195 1928 312 2011 quinat
332 1948 463 2010 corpus,
481 1949 548 1990 non
568 1937 684 1990 mutat.
732 1927 852 2002 audite,
870 1927 952 2008 quid¹
971 1928 1094 1990 amenti
1118 1949 1248 1991 succur-

195 2033 290 2095 rerit:
315 2031 538 2114 praeligemus
554 2031 703 2094 uestibus
719 2031 831 2113 capita
850 2041 883 2093 et
904 2051 965 2094 nos
987 2031 1019 2094 in
1043 2033 1246 2112 profundum

194 2137 407 2218 mergamus!
478 2154 551 2212 103.
579 2141 637 2198 ‘ne
653 2135 742 2198 istud
758 2135 803 2197 dii
822 2135 1039 2216 hominesque
1062 2136 1245 2216 patiantur’
1328 2177 1330 2182 -

196 2241 383 2323 Eumolpus
406 2240 570 2304 exclamat
590 2245 643 2302 ‘ut
661 2259 721 2302 uos
739 2249 808 2302 tam
827 2239 917 2319 turpi
940 2239 1028 2300 exitu
1053 2239 1155 2301 uitam
1180 2241 1247 2301 fini-

194 2345 268 2408 atis.
315 2344 416 2407 immo
448 2344 558 2426 potius
589 2342 699 2418 facite,
726 2342 814 2425 quod
846 2342 951 2404 iubeo.
1000 2343 1247 2406 mercennarius

141 2477 172 2510 ω
195 2469 299 2524 meus,
320 2458 356 2511 ut
379 2468 419 2511 ex
441 2447 605 2511 nouacula
628 2445 846 2528 comperistis,
868 2456 983 2508 tonsor
1005 2456 1073 2508 est:
1098 2446 1150 2509 hic
1174 2467 1248 2509 con·

194 2552 288 2616 tinuo
304 2552 399 2615 radat
415 2552 585 2634 utriusque
602 2571 669 2613 non
686 2550 793 2612 solum
809 2549 929 2630 capita,
945 2550 1003 2611 sed
1020 2549 1119 2612 etiam
1137 2571 1248 2630 super-

194 2656 277 2720 cilia.
326 2675 447 2739 sequar
462 2676 526 2737 ego
543 2656 671 2718 frontes
687 2663 808 2717 notans
827 2653 1040 2734 inscriptione
1061 2653 1193 2729 sollerti,
1212 2665 1248 2716 ut

194 2760 375 2823 uideamini
402 2759 557 2840 stigmate
581 2778 655 2821 esse
683 2757 798 2839 puniti.
847 2757 893 2818 ita
916 2757 1053 2818 eaedem
1077 2756 1191 2819 literae
1215 2767 1248 2819 et

195 2863 418 2946 suspicionem
442 2863 657 2926 declinabunt
683 2860 913 2944 quaerentium
937 2869 971 2922 et
994 2861 1106 2923 uultus
1130 2861 1248 2922 umbra

141 2998 170 3045 25
194 2967 350 3050 supplicii
371 2968 506 3048 tegent'

238 3093 305 3135 non
330 3081 381 3136 est
407 3072 510 3134 dilata
540 3070 683 3146 fallacia,
708 3069 768 3143 sed
795 3068 838 3131 ad
865 3069 952 3130 latus
976 3067 1102 3148 nauigii
1132 3067 1247 3130 furtim
1289 3092 1302 3117 ·

195 3175 419 3258 processimus
446 3175 622 3257 capitaque
646 3194 722 3237 cum
746 3172 930 3254 superciliis
953 3172 1155 3234 denudanda
1179 3182 1247 3234 ton-

194 3280 262 3343 sori
285 3279 507 3362 praebuimus.
555 3277 705 3359 impleuit
723 3277 909 3357 Eumolpus
930 3276 1059 3338 frontes
1076 3276 1246 3357 utriusque

194 3383 386 3466 ingentibus
409 3382 512 3446 literis
528 3391 561 3445 et
577 3391 692 3444 notum
716 3378 933 3461 fugitiuorum
958 3379 1164 3460 epigramma
1188 3399 1248 3461 per

141 3517 171 3563 30
193 3497 298 3551 totam
315 3487 436 3551 faciem
455 3485 582 3550 liberali
600 3506 701 3547 manu
720 3484 820 3546 duxit.
868 3504 954 3546 unus
973 3484 1060 3545 forte
1080 3503 1119 3546 ex
1139 3494 1247 3546 uecto-

194 3591 293 3668 ribus,
311 3591 368 3674 qui
389 3590 570 3654 acclinatus
592 3589 687 3653 lateri
708 3588 803 3650 nauis
820 3587 1022 3649 exonerabat
1038 3588 1245 3649 stomachum

194 3716 320 3788 nausea
343 3714 490 3777 grauem,
508 3693 637 3756 notauit
658 3691 720 3754 sibi
743 3691 785 3752 ad
809 3690 921 3752 lunam
941 3700 1110 3752 tonsorem
1132 3690 1247 3750 intem-
